pool,block_number,block_hash,block_time,log_index,tx_hash,sender,recipient,amount0,amount1,sqrt_price_x96,liquidity,price,tick,gasUsed,gasPrice
mypool,15866980,0x2e0c6b3ba916b3ee018cd912d8712a251c08cbd77a2049c41913c88287f0c02c,1667206523,129,0x2e0c6b3ba916b3ee018cd912d8712a251c08cbd77a2049c41913c88287f0c02c,0xa01a6120b3109596d9446976809e4289b9f18d6b,recipient,-157.930542,0.09975147849778676,1991658078274610112530375503755667,0,1582.448566197913,202653,484764,7491990241
mypool,15866980,0x4e82be02c98431c01080a230bf08122332283ce2480d8faf01d2dd295def83fe,1667206523,108,0x4e82be02c98431c01080a230bf08122332283ce2480d8faf01d2dd295def83fe,0xe32d02fd54e53a4d3f4db2508eaa15540abe8889,recipient,-5000.0,3.1580859972622686,1991658180789339572875186646066431,0,1582.4484032941739,202653,316766,7491990241
mypool,15866980,0xbcff310eeb2a3b9034168ed1897d0388434b05c6968a85b255391647fb234a31,1667206523,9,0xbcff310eeb2a3b9034168ed1897d0388434b05c6968a85b255391647fb234a31,0x45c5232b76ed9c6a70ec842a1e79d2d00eb58827,recipient,-570164.741009,360.1933770832819,1991661426358593255946083208357203,0,1582.4432458496096,202653,144288,1015016306910
mypool,15866980,0xd80c735c07543ff5d748bffb7f163c585e332cafaa4833ec61c55ff3ae351578,1667206523,3,0xd80c735c07543ff5d748bffb7f163c585e332cafaa4833ec61c55ff3ae351578,0x000eedbdbe50e189baad667c6c497a46b225930d,recipient,237.159656,-0.15,1992031597579723776701129860756931,0,1581.8551823637733,202656,293253,6600000000
mypool,15866981,0x36c5b52aa0a0c4400f6aecdd765e5942ebec3cdc5bc731f3cac068ef46598202,1667206535,2,0x36c5b52aa0a0c4400f6aecdd765e5942ebec3cdc5bc731f3cac068ef46598202,0x474a6faf2178982be06028f0e1256af98910d9be,recipient,-468940.005356,296.1447984670204,1991353729864409771232049663188473,0,1582.932309996892,202649,194678,527656232323
mypool,15866982,0x573e15a655b78969b0e4475b184abc8763b41e4b715da40b4c8050b7ec94b0cb,1667206547,2,0x573e15a655b78969b0e4475b184abc8763b41e4b715da40b4c8050b7ec94b0cb,0x328db7533203c9b9bdd21d071490b667a4030f26,recipient,-366580.454636,231.43971307006572,1991115870102194314780955116746612,0,1583.310528460125,202647,256926,6113848141
mypool,15866982,0xa515cd89bd77ddbe01b49687a7ba8cd2bdc9d1350a5d4051fa99bf958df55dfa,1667206547,230,0xa515cd89bd77ddbe01b49687a7ba8cd2bdc9d1350a5d4051fa99bf958df55dfa,0xe32d02fd54e53a4d3f4db2508eaa15540abe8889,recipient,-10000.0,6.312701932326523,1991109382288324161623842582954051,0,1583.320846568044,202647,308494,7613848141
mypool,15866984,0xf93f8caa8dea10f7b4154f724d1b1c6e0399954c340920789ba2c967c6ec349e,1667206571,156,0xf93f8caa8dea10f7b4154f724d1b1c6e0399954c340920789ba2c967c6ec349e,0xa01a6120b3109596d9446976809e4289b9f18d6b,recipient,-157.930437,0.09969644700829702,1991109279826335834061796994409722,0,1583.3210095226423,202647,484724,7552197370
mypool,15866985,0x3eee0c0d2f2110c2a15c495c9aac1524275c1d32cd0888dc8afb8773d872faf5,1667206583,74,0x3eee0c0d2f2110c2a15c495c9aac1524275c1d32cd0888dc8afb8773d872faf5,0x72bab04152ca40f5f8b382289f0a71779f393467,recipient,15825.211846,-10.0,1991119552083814064489924466277968,0,1583.3046727445624,202647,174547,7695540890
mypool,15866986,0xd38c0cba2d004bcfbe297bba3b30c4a71096b310e9040f576d440f8cf09c6f89,1667206595,144,0xd38c0cba2d004bcfbe297bba3b30c4a71096b310e9040f576d440f8cf09c6f89,0xe32d02fd54e53a4d3f4db2508eaa15540abe8889,recipient,-2374.494313,1.4989567514183857,1991118011546575515065137801523474,0,1583.3071227658447,202647,308449,7453263025
mypool,15866987,0x6b74c8846489ec9794f53cb0cdf7a771e7f8851cc5212565650f916c73da120a,1667206607,187,0x6b74c8846489ec9794f53cb0cdf7a771e7f8851cc5212565650f916c73da120a,0xc9579caacf1c83756450cf5f20d4040f433db562,recipient,-13.638774,0.00860979764659022,1991118002697945373870828413190726,0,1583.3071368384403,202647,306445,7800138725
mypool,15866989,0x3f670494504e05ca2d9045e7c2b12aa9d19b2a3ac426ebb0a3d9d1b78a9cfc20,1667206631,118,0x3f670494504e05ca2d9045e7c2b12aa9d19b2a3ac426ebb0a3d9d1b78a9cfc20,0xa01a6120b3109596d9446976809e4289b9f18d6b,recipient,-63.172145,0.03987890613971185,1991117961712813626266586388041988,0,1583.3072020199645,202647,484695,6993583217
mypool,15866992,0x406164dcde0477d89dba8b8940eace542cf3289a021e01cc28c7c070fb03210b,1667206667,69,0x406164dcde0477d89dba8b8940eace542cf3289a021e01cc28c7c070fb03210b,0xb5e1be114ff1fa476ed3e8d4fda52b7206278aad,recipient,62.804524,-0.039686513917985826,1991118002479822564159174217819712,0,1583.3071371853362,202647,463570,8120283668
mypool,15866993,0xe152874d8d92aa0fc49b9bfea41037c48f75c30c98e7ef7f1c68a13106a90c29,1667206679,117,0xe152874d8d92aa0fc49b9bfea41037c48f75c30c98e7ef7f1c68a13106a90c29,0x378a052cb0555be8c1e46f34758f51b91b769302,recipient,601.355765,-0.38,1991118392825606736915443061750705,0,1583.3065163913059,202647,195708,7719200457
mypool,15866993,0xf44ef5e1844a54e034265b3b8c1c6e383f72f2c138ecd30ba2766640ecd09757,1667206679,132,0xf44ef5e1844a54e034265b3b8c1c6e383f72f2c138ecd30ba2766640ecd09757,0xa1cdd87452e9142ddd6e4cfc6d493edd9ae9fa20,recipient,6000.0,-3.79144100058323,1991122287491423887969577237288087,0,1583.3003224535703,202647,209414,7719200457
mypool,15866994,0x4b844684bef706cd809f92c6df3483fbccbf08b8d0afe8fee304a9bbafe4630a,1667206691,377,0x4b844684bef706cd809f92c6df3483fbccbf08b8d0afe8fee304a9bbafe4630a,0x9720dbe3f2716ea6fbf56ab4469b902e4acaa182,recipient,-4752.284466,3.0,1991119204272570992393350882550244,0,1583.305225891971,202647,266582,7943251040
mypool,15866994,0xe4379c046126cd46c0c412834a5411bb64bdfeef3010264ab88808e3056d034b,1667206691,435,0xe4379c046126cd46c0c412834a5411bb64bdfeef3010264ab88808e3056d034b,0xd1e36ac488497f66101175aaf13b139aa057b219,recipient,-190.472909,0.12024065674211319,1991119080696484408450364107408038,0,1583.3054224233308,202647,261562,7443251040
mypool,15866996,0x37cca3e35e47f7910dfb021fec56296ad2cf031e42617c246b964fe697aa8822,1667206715,271,0x37cca3e35e47f7910dfb021fec56296ad2cf031e42617c246b964fe697aa8822,0x8a45806606b96bd39af47ec8943d3b18ac51ba6e,recipient,-93.66115,0.05912722073341642,1991141704207307032996455886009240,0,1583.2694433427964,202647,240999,7492024198
mypool,15866996,0x7bd0e68c41136ccb062f1c753e494b63eafbb252c09b9648a6de3d8be241622f,1667206715,11,0x7bd0e68c41136ccb062f1c753e494b63eafbb252c09b9648a6de3d8be241622f,0x5c917e6b15a99a6d89fca6ebe7390f53d8ab2b51,recipient,34946.333584,-22.083050641912546,1991141764974694261192359272335071,0,1583.2693467036245,202647,422429,6694888275
mypool,15866997,0xd1ebc6d2bacca91dec84f8eab833fab5867848686ea2a9cdf1b9e6d04ddde707,1667206727,163,0xd1ebc6d2bacca91dec84f8eab833fab5867848686ea2a9cdf1b9e6d04ddde707,0x0908b13ec799da4084c4dca3fda91b25170fddc7,recipient,119.225915,-0.07534129008608849,1991141781599820083631499556007674,0,1583.2693202644703,202647,319318,7734413510
mypool,15867000,0x782baad252ad2480fab1c1496307631b00f76750ff0c3f7a397eeacdfc10abe8,1667206763,38,0x782baad252ad2480fab1c1496307631b00f76750ff0c3f7a397eeacdfc10abe8,0x4fe2f821ccf72b15f813ef34945dfc223a24db53,recipient,273427.768766,-172.8,1991319286209043905429542269890974,0,1582.9870701218617,202649,1965575,7586740719
mypool,15867000,0x92a68fe4eeca898aab021e8bfa1207870d71e3511b1c6c53c1db0f6715357fe6,1667206763,349,0x92a68fe4eeca898aab021e8bfa1207870d71e3511b1c6c53c1db0f6715357fe6,0x24c2cb83f22f705b1315fe77f8a0fee7141485e2,recipient,2775.16853,-1.754,1991321087963005587046635828456664,0,1582.9842055391969,202649,174532,7086740719
mypool,15867002,0x9b2ece7f3c224359f485d38a8657fcd4f61220124fee233ce4cb77501a2bbaeb,1667206787,577,0x9b2ece7f3c224359f485d38a8657fcd4f61220124fee233ce4cb77501a2bbaeb,0x239da6952702deee54e3c2cd2771d5f12484158d,recipient,-20.0,0.012628047582387013,1991321074984660793287286882728444,0,1582.9842261732522,202649,261506,6000000000
mypool,15867005,0x0cb8f227d822fc1127425f86bd838be03951cf689fc4e46aaa71433bf3b4078f,1667206823,302,0x0cb8f227d822fc1127425f86bd838be03951cf689fc4e46aaa71433bf3b4078f,0x346f94a8d479289825fd6c9fe1418e9e9283f020,recipient,170.949982,-0.10804625,1991321185972550749012726389514178,0,1582.984049715456,202649,262559,7487296831
mypool,15867008,0x1909128abd8297bd1d8f4d8f3290ad404b3d2066ac905dcd603257a14afcf63c,1667206859,61,0x1909128abd8297bd1d8f4d8f3290ad404b3d2066ac905dcd603257a14afcf63c,0x3fbaea01b228368e67ca40d8cb195018fd095318,recipient,74522.908518,-47.1020274045,1991366336269629181265565509440891,0,1582.9122684579668,202650,310398,7811000687
mypool,15867008,0xa86ad5c083e2e6d186bd25d8ee306af02eaf1424a3691b11ee3afa24ef1560f9,1667206859,36,0xa86ad5c083e2e6d186bd25d8ee306af02eaf1424a3691b11ee3afa24ef1560f9,0xa2e5dbd496e25a194a11fc3e4ad5ada199e827f4,recipient,-49974.072553,31.55370037626294,1991317952323676224568591187280090,0,1582.989190851999,202649,304036,9311000687
mypool,15867012,0xebf03005aaebff6298c1ade220c759e43c2394d2846f75cd168e218aa76dff4b,1667206907,191,0xebf03005aaebff6298c1ade220c759e43c2394d2846f75cd168e218aa76dff4b,0xaaae3a062a3b2dcb979f955432bc2c2ba0aa0432,recipient,-1500.0,0.9471461539839359,1991365362886244821467845198834736,0,1582.9138159197296,202650,240657,10968333156
mypool,15867013,0x65691948e2037b13aaba6b0d61dcca22407ea3f9caf4848d6de8b3e33a391bff,1667206919,13,0x65691948e2037b13aaba6b0d61dcca22407ea3f9caf4848d6de8b3e33a391bff,0x55d309143fb337383c5ebd8c5a08da33791af464,recipient,-495.625,0.31295270961688876,1991365163448275038140326290952220,0,1582.9141329817526,202650,428004,12594497067
mypool,15867013,0xae62db5c9304ff0fc419009fcb7556e8b28fb0a3316d6ae90ed672809cf6a477,1667206919,210,0xae62db5c9304ff0fc419009fcb7556e8b28fb0a3316d6ae90ed672809cf6a477,0x13e33abb2f58ed6f12ccde118f5b2f9ab4521bb4,recipient,237.318459,-0.15,1991364995904581104938069959111622,0,1582.9143993390428,202650,293131,12145767567
mypool,15867013,0xd398f5e91854f1f5722199390fbd9aec2bbb31545101e573b25385d75a696ca7,1667206919,23,0xd398f5e91854f1f5722199390fbd9aec2bbb31545101e573b25385d75a696ca7,0x55d309143fb337383c5ebd8c5a08da33791af464,recipient,-495.625,0.31295260852802603,1991364841826455689652051053947149,0,1582.914644289127,202650,397555,12417338230
mypool,15867013,0xfa667bb7cd660ee03cc682b37fe1e8295a2ca337b34abe742750da3d8b958e2a,1667206919,7,0xfa667bb7cd660ee03cc682b37fe1e8295a2ca337b34abe742750da3d8b958e2a,0xa191acdec4b7c833774ddc7dca78ea4d1ca5d58e,recipient,188.193443,-0.11895,1991365485070198275789658190630163,0,1582.913621674461,202650,320200,12256284887
mypool,15867015,0x1cd1cacd4d2f4ca236eab031566f3987d9c65ff7fe1456f344916fa71642ce47,1667206943,93,0x1cd1cacd4d2f4ca236eab031566f3987d9c65ff7fe1456f344916fa71642ce47,0xd3fac37e04a928f581459ea81d7b1e2dc64c2fbb,recipient,4782.79198,-3.0233125,1991462327371009847900035873681983,0,1582.7596752324118,202651,266713,12865043633
mypool,15867015,0x8c66726e84aa41d4c0ffee38e6e67d74a0643d0326089bb53e3e09271a0f8a8a,1667206943,75,0x8c66726e84aa41d4c0ffee38e6e67d74a0643d0326089bb53e3e09271a0f8a8a,0x77eb9084ce8168901bcb11f14f02a7aab36fcd0c,recipient,145124.42499,-91.731993777,1991459221862192883887288998881529,0,1582.7646115905409,202651,278216,12865043634
mypool,15867015,0xfc6dd014f40212ebcc8d02add51a176e20106e02f2d6d320e6ca8b29f1455529,1667206943,179,0xfc6dd014f40212ebcc8d02add51a176e20106e02f2d6d320e6ca8b29f1455529,0x39dbbeff32e8ace2fd55e50958fb8d1f61ff8568,recipient,526.559331,-0.33285080561184616,1991462669271197658840142029097346,0,1582.7591317667552,202651,265958,12365043633
mypool,15867017,0xac4b2c321184ff39104937f1d56e853eb1145b69a0d14dca4f95c9ff14dd412e,1667206967,2,0xac4b2c321184ff39104937f1d56e853eb1145b69a0d14dca4f95c9ff14dd412e,0x9aab3f81604c683a1a0d14019fbfe15bef7aa1ee,recipient,425919.65707,-269.271489285,1991739261579843092654571828080165,0,1582.3195675992945,202653,251344,11263075470
mypool,15867017,0xd35f53829aa7c4e402d752c4814fb903394c3fc263d7851dc188352cf9a93730,1667206967,37,0xd35f53829aa7c4e402d752c4814fb903394c3fc263d7851dc188352cf9a93730,0x1790614d7b3546051b0f0c3d21d0c5f389eb196c,recipient,10189.370811,-6.442757915208623,1991745879500256958260388180154187,0,1582.3090525555049,202653,517647,12263075470
mypool,15867019,0xff28792157f210c60e2764233600804e15b29d0dabfb3c75ed50fa2887bf0b94,1667206991,2,0xff28792157f210c60e2764233600804e15b29d0dabfb3c75ed50fa2887bf0b94,0x479bc00624e58398f4cf59d78884d12fb515790a,recipient,710748.017347,-449.5129562156912,1992207613591214273181903389633624,0,1581.5756738045077,202658,244589,13362867077
mypool,15867020,0xd813475e09bbfd925a5369982e5ad82118852e56c60b2c523fae133dbcd81de3,1667207003,169,0xd813475e09bbfd925a5369982e5ad82118852e56c60b2c523fae133dbcd81de3,0x5aac09a2968cdc1473f2ce1e5a786fec5b9b4af6,recipient,521.658923,-0.33,1992207952563090186811144980995466,0,1581.5751355980149,202658,344122,15076979182
mypool,15867022,0x51f4be76e81a6ee938d5709414f8994a2771785525b9ca9575a0970c9e54b599,1667207027,405,0x51f4be76e81a6ee938d5709414f8994a2771785525b9ca9575a0970c9e54b599,0x64edc7f0d9d4b057a7242570da4996c0043f1202,recipient,-2000.0,1.2639300224288106,1992207450892619500462645231536703,0,1581.5759321311696,202658,329631,13994141196
mypool,15867022,0xaef3dfa9da77c4120fb6f78585354f19fda8e061c1475f85e404ae4f2217ee13,1667207027,183,0xaef3dfa9da77c4120fb6f78585354f19fda8e061c1475f85e404ae4f2217ee13,0x3bc8dbd98a39dcfc80d7fb2357569cec889d4c44,recipient,158.078316,-0.1,1992208749835214210694806938472195,0,1581.5738697211182,202658,417977,13995141196
mypool,15867022,0xfe4fe1775bd082e2b22229bacb08abb0c37900f8385f3223c2eaa1af57ed6d44,1667207027,158,0xfe4fe1775bd082e2b22229bacb08abb0c37900f8385f3223c2eaa1af57ed6d44,0xfdd7deff12e12d8701b02dda348590d2edeeb5a9,recipient,1068.878579,-0.67617,1992208647116463933837461001695880,0,1581.5740328137697,202658,252792,14494141196
mypool,15867024,0x31363279c225ad25ef454ddec53aab45aab1895c891535034eb622dfc256b20c,1667207051,2,0x31363279c225ad25ef454ddec53aab45aab1895c891535034eb622dfc256b20c,0x479bc00624e58398f4cf59d78884d12fb515790a,recipient,293846.915833,-185.9045063494584,1992398408853950167594701844944104,0,1581.272779868731,202660,300267,13650754596
mypool,15867025,0xc816285bf5b691402b44af95a850da102710c6e3e510133a056166030ff35b2d,1667207063,9,0xc816285bf5b691402b44af95a850da102710c6e3e510133a056166030ff35b2d,0xa7780ef36f99835a7973cd0606713f505fc7c386,recipient,379.315667,-0.24,1992398655374787005680985543192597,0,1581.2723885648481,202660,432262,15052965027
mypool,15867026,0x7c03369e2c82c3874ed4e3feef40a0f3bd0dda0085a800bb682de48d21167db3,1667207075,347,0x7c03369e2c82c3874ed4e3feef40a0f3bd0dda0085a800bb682de48d21167db3,0x388a9524e34f63a472c26ea6172d9abc175618fb,recipient,-16569.632821,10.47337489491727,1992387892055028734839325600044713,0,1581.2894733768806,202660,260377,13522223134
mypool,15867026,0xc4ce4894c2d63d1bb78f0cbf537812dd3b99aca7cc3b51d8aa112af14ef9a467,1667207075,435,0xc4ce4894c2d63d1bb78f0cbf537812dd3b99aca7cc3b51d8aa112af14ef9a467,0x5607f96d4f0088833a10377f7f43eb19bc24b171,recipient,1153.76371,-0.73,1992388641889240784018438515550546,0,1581.2882831425075,202660,365683,13522223134
mypool,15867027,0x00fefe83e06ebccd327a566d10129e17a1548b1d8e579d4ea68b08efb64c1b57,1667207087,239,0x00fefe83e06ebccd327a566d10129e17a1548b1d8e579d4ea68b08efb64c1b57,0xfcbb2bea6bb7d02b7a953ac3887a981588947e23,recipient,-500.0,0.31603972777194234,1992388317100270613849201945688573,0,1581.2887986896328,202660,260319,14900103251
mypool,15867027,0x8a685511c86c7c2a63fbd4d618f9eb9046cf457bf01b153a96a8475c964303f7,1667207087,266,0x8a685511c86c7c2a63fbd4d618f9eb9046cf457bf01b153a96a8475c964303f7,0xd0d2e8759bb3179d5c64a10d78415fedb229b577,recipient,-1740.288811,1.1,1992387186647875575101027574864233,0,1581.2905930920754,202660,224299,14900103251
mypool,15867028,0x5a40be5037cdc6aaf7edf4e9cabe8b5c52b0f0846ca956ca77bd14219a0c3984,1667207099,202,0x5a40be5037cdc6aaf7edf4e9cabe8b5c52b0f0846ca956ca77bd14219a0c3984,0xf1fbd39a52e6a4f8a170527310d848bc0123c952,recipient,438.610601,-0.27751383,1992387311905845805954697865005121,0,1581.2903942660307,202660,144318,14929860971
mypool,15867028,0x8306e439646685ec7449adcbf0b250bfd84d74b64bc3c39aba1bc32d2d5037c2,1667207099,78,0x8306e439646685ec7449adcbf0b250bfd84d74b64bc3c39aba1bc32d2d5037c2,0xf1b02a01090781389589294688e46a03871cd5db,recipient,-246.0,0.15549133179820634,1992387026851922448694637616807190,0,1581.2908467414359,202660,270738,15429860971
mypool,15867029,0xaa0e3f3a253ebc76c5492c6d9383b065625a2b961a3bffd87b0e974a43042eb3,1667207111,4,0xaa0e3f3a253ebc76c5492c6d9383b065625a2b961a3bffd87b0e974a43042eb3,0xaa5efb75193b61c0f733890aac01bff059e20c8b,recipient,123503.664249,-78.14530814670533,1992467580434009538952632355380094,0,1581.1629891357427,202661,173265,83086913335
mypool,15867030,0x605a335ef0db70056cdc236471b43f7012e64b90a47ec79d5ad6ab8ab07c32bb,1667207123,195,0x605a335ef0db70056cdc236471b43f7012e64b90a47ec79d5ad6ab8ab07c32bb,0x39dbbeff32e8ace2fd55e50958fb8d1f61ff8568,recipient,-528.33482,0.33403569748290907,1992645170674724435548431462994269,0,1580.881166152733,202662,535512,14823596565
mypool,15867030,0xe8ac1ace9ea55230b930f19eb92894304a9782a2913689834c8633d76a39630b,1667207123,2,0xe8ac1ace9ea55230b930f19eb92894304a9782a2913689834c8633d76a39630b,0xac8ce0981248195d2699a6e96cc093b69e424894,recipient,273738.60177,-173.22692180084195,1992645513957864660996873686476080,0,1580.8806214599608,202662,173226,294779389084
mypool,15867031,0x1d2c978104917e439719a9c432518835732ab30c9628be881d328bac64fb857a,1667207135,53,0x1d2c978104917e439719a9c432518835732ab30c9628be881d328bac64fb857a,0x26bce6ecb5b10138e4bf14ac0ffcc8727fef3b2e,recipient,128645.749516,-81.42042258149999,1992732719939321675941392339863217,0,1580.7422594727088,202663,251360,13733102412
mypool,15867031,0xf808e55060cb3e50327e03f9fa7a2988ddae8071a48bbe6ccb1cd1333424eb75,1667207135,25,0xf808e55060cb3e50327e03f9fa7a2988ddae8071a48bbe6ccb1cd1333424eb75,0xda00adb23f407be2ff728ccf52b71d32959878a9,recipient,6024.930767,-3.8130358670374025,1992649087311361250958309560156166,0,1580.8749515803347,202663,479715,15233102412
mypool,15867035,0x54ee9ed81250c72318d470b232cde1264cd4a171d54b04a50d45a67f5201f2ed,1667207183,3,0x54ee9ed81250c72318d470b232cde1264cd4a171d54b04a50d45a67f5201f2ed,0xe03b743ff9a8ae4eea2da80b38335d2a2a466228,recipient,800.0,-0.5063446644812584,1992733240041448411024077642978845,0,1580.7414343273385,202663,209383,15988778114
mypool,15867035,0xb45d00d50eaddc3644a6a3839b417a9be3016f0d318fc6de9c126a75db219cd7,1667207183,164,0xb45d00d50eaddc3644a6a3839b417a9be3016f0d318fc6de9c126a75db219cd7,0xf1fbd39a52e6a4f8a170527310d848bc0123c952,recipient,138.118795,-0.08740221013210818,1992534314584208319003287234019636,0,1581.0570779846714,202661,174576,15988778114
mypool,15867035,0xff8571b2b6b7d09462c81b517591ebc64efe65ebe26fbadfff0da2c40c085319,1667207183,6,0xff8571b2b6b7d09462c81b517591ebc64efe65ebe26fbadfff0da2c40c085319,0xd78ceba1f9291dade3539bd558eb5d9b969ec66f,recipient,-306300.808314,193.65411454796742,1992534224807266722063410143539936,0,1581.0572204589841,202661,144425,173059710710
mypool,15867036,0x22380a3ccf8c6c1f84cbda0f30880a898cd88ca22f875a4bbdfe83194c8dfbe8,1667207195,271,0x22380a3ccf8c6c1f84cbda0f30880a898cd88ca22f875a4bbdfe83194c8dfbe8,0x93932d24095b1dd694b452534cbc8869eb89faeb,recipient,-1178.508788,0.7448818387554899,1992348840368555649716343687313071,0,1581.3514631496366,202659,313183,14995188186
mypool,15867036,0x35963dd5ff1ec5bd53c6206b15c0b91d5682c03e544aaafc335897779d82aa0c,1667207195,2,0x35963dd5ff1ec5bd53c6206b15c0b91d5682c03e544aaafc335897779d82aa0c,0xe25a92c98356e7f18702d83107e83eb6ff9abde5,recipient,-284336.601982,179.73297277126073,1992349605884629495554065378440883,0,1581.350247951534,202659,194519,157341485136
mypool,15867037,0x65fe566912e8abd2c1ade425e3c728e1aa2e3f4b03dd04ed781f958b266d6fa4,1667207207,210,0x65fe566912e8abd2c1ade425e3c728e1aa2e3f4b03dd04ed781f958b266d6fa4,0xfbbea8d57c32131086fac1270142436581e275b1,recipient,695.446588,-0.44,1992349292331056867888665809128860,0,1581.350745693632,202659,366888,15462469069
mypool,15867038,0x5341f83b011c93400f4b3c2dd6de7dc5138213791c1602fe761e49c4eb4515db,1667207219,158,0x5341f83b011c93400f4b3c2dd6de7dc5138213791c1602fe761e49c4eb4515db,0xde5ce22a56ed76bf7054121500b23a718399feb7,recipient,-239.76348,0.1515070952190866,1992109180582537437274766666119843,0,1581.731973569309,202657,1277835,15878772055
mypool,15867038,0xca4ff9269eb13fb4091ef26368a5ceca7b0eb35314c1512d0b88dbcc4b4e0519,1667207219,2,0xca4ff9269eb13fb4091ef26368a5ceca7b0eb35314c1512d0b88dbcc4b4e0519,0xfc23b61db3a1dce083e82da5a2ccfd91a2211f7c,recipient,-369455.795934,233.48810787120377,1992109336286584250495398497828387,0,1581.731726311736,202657,256166,13783619614
mypool,15867039,0x0fe614d01b72c4bed742500ded4f03090270a9a56e0c387d35d818e6e9104b5b,1667207231,2,0x0fe614d01b72c4bed742500ded4f03090270a9a56e0c387d35d818e6e9104b5b,0x988749e7c18416447205893e0443ced3598cdd6b,recipient,-428131.348139,270.4994114640543,1991831187971269672659326820121957,0,1582.1735174999997,202654,185282,143386894855
mypool,15867040,0x94b63d8ff019f80dcb8829f9ad47ffd1be2099c7c45fef4df41496ebbbb8dad8,1667207243,193,0x94b63d8ff019f80dcb8829f9ad47ffd1be2099c7c45fef4df41496ebbbb8dad8,0x18ab6fac9bff025d02392b95599dc4ac3746ede7,recipient,790.809712,-0.5,1991682207940894800796629775779946,0,1582.4102230080618,202653,343945,16221063611
mypool,15867040,0xf5c946a250acbf8026b4ab3b05b64c434430a01c13b24a37dab7d7946d1a0976,1667207243,2,0xf5c946a250acbf8026b4ab3b05b64c434430a01c13b24a37dab7d7946d1a0976,0xa5a13f62ce1113838e0d9b4559b8caf5f76463c0,recipient,-230281.818858,145.46407244194955,1991681694347143416509900091898367,0,1582.4110391184972,202653,256174,14721063611
mypool,15867042,0x00265552c7055732b0037d614b1ec8d5dcd8b8627e68575c979b93ba9c326c00,1667207267,92,0x00265552c7055732b0037d614b1ec8d5dcd8b8627e68575c979b93ba9c326c00,0xf1b02a01090781389589294688e46a03871cd5db,recipient,-500.0,0.3158156534219281,1991681883376720339870602032888337,0,1582.4107387467586,202653,269350,15937353772
mypool,15867045,0x459488fd449a8c9519d00255d1707a61cab60952e47271170935f4566474b454,1667207303,7,0x459488fd449a8c9519d00255d1707a61cab60952e47271170935f4566474b454,0xc7b0c83b1ffb301a7d38c0a120c7bdd69c81417a,recipient,395.404832,-0.25,1991682140173269140483699075788709,0,1582.4103306920977,202653,382998,15983728156
mypool,15867046,0xac41e244aa331f1be4ea9bc109f0bbdf9852fe7c9a05831575570bbc85ee678e,1667207315,421,0xac41e244aa331f1be4ea9bc109f0bbdf9852fe7c9a05831575570bbc85ee678e,0xd0d2e8759bb3179d5c64a10d78415fedb229b577,recipient,-791.600763,0.5,1991682139916344129177432845630729,0,1582.410331100356,202653,225538,13987505835
mypool,15867046,0xf77363dc250608d4217f7543d502d1075d5f0b8c970a49879193f6feb3d73073,1667207315,362,0xf77363dc250608d4217f7543d502d1075d5f0b8c970a49879193f6feb3d73073,0x934f82c62bb8c204ceba72fb01d05db856fd0635,recipient,790.809358,-0.5,1991682653766366741709893161589454,0,1582.409514583249,202653,174506,13987505835
mypool,15867048,0x33bcc67e6fe55cc66299e48fa31fe9809e22a6be6a58f856b90f99c00ea1fc7d,1667207339,122,0x33bcc67e6fe55cc66299e48fa31fe9809e22a6be6a58f856b90f99c00ea1fc7d,0x1fe71e7489c1dd2183d775dbd58becb00889fb8f,recipient,-32302.437854,20.401682883121776,1991595998596768041817924316577242,0,1582.5472201702432,202652,312602,15209642050
mypool,15867048,0xf956b8e9af97a056b4739cf431291c0138ea90aaf9e2a4a896617db6adb272cf,1667207339,8,0xf956b8e9af97a056b4739cf431291c0138ea90aaf9e2a4a896617db6adb272cf,0x3fbaea01b228368e67ca40d8cb195018fd095318,recipient,-100406.520312,63.41783233079702,1991616965407189693498186223010842,0,1582.5138997140832,202652,256176,13209642050
mypool,15867050,0x1bad26d77a876c2a793d910c9d24b77bf2788d821b4e4bf20a4dd8e64aabbeb7,1667207363,2,0x1bad26d77a876c2a793d910c9d24b77bf2788d821b4e4bf20a4dd8e64aabbeb7,0x5d983b5a96d5d0d6140ec0baaa2c9da7ff4ca4c3,recipient,-239606.187643,151.31787647759543,1991440489208268656214623004251720,0,1582.7943885498053,202650,173554,170649404365
mypool,15867051,0x16777abec8e70add618ee7bac330616853219e6985c16f66e75499f14912901f,1667207375,2,0x16777abec8e70add618ee7bac330616853219e6985c16f66e75499f14912901f,0x63450c5b04f45607557409d46a6eb2168b233375,recipient,-341017.609348,215.3218678084792,1991228986607507804252847623937975,0,1583.130646118164,202648,203482,116075968563
mypool,15867054,0x1e295b032ed8b71d13883754ec62f1fc2db6efab26dda0884e34feded68019bf,1667207411,234,0x1e295b032ed8b71d13883754ec62f1fc2db6efab26dda0884e34feded68019bf,0x09be5a499cda6b25cdedb60c328e78af619c069b,recipient,4772.363803,-3.0160225818256374,1991231799151447002702284873157990,0,1583.1261738901078,202648,267708,13948073380
mypool,15867054,0x7822d819470ffe374b21fef4be0b364cdf16a749d54d9b40c8305367c836458f,1667207411,203,0x7822d819470ffe374b21fef4be0b364cdf16a749d54d9b40c8305367c836458f,0x59613902cfa51bebd49e91006ae89b06d50aceeb,recipient,-100.0,0.06313439590416195,1991228926443024732385254290417135,0,1583.1307417859573,202648,261447,13948073380
mypool,15867060,0x33753a244c6aed4cd23aeef23f44554126c7dc25d15ecc1d40a04665f70dae0b,1667207483,304,0x33753a244c6aed4cd23aeef23f44554126c7dc25d15ecc1d40a04665f70dae0b,0xee22a1362588df3136081ffc175dc413a86af080,recipient,-2500.0,1.5783633628079174,1991230390284307846055251510839963,0,1583.1284141283481,202648,333044,13382452144
mypool,15867060,0x397fdf781d66e51e76114077495566e9134e0d758ce4dca1d435bcd896eb1a6a,1667207483,206,0x397fdf781d66e51e76114077495566e9134e0d758ce4dca1d435bcd896eb1a6a,0x934f82c62bb8c204ceba72fb01d05db856fd0635,recipient,158.233453,-0.1,1991231894399686839534986777857389,0,1583.126022436148,202648,174511,13382452144
mypool,15867060,0xf616f671d3a7e138a7a996b4f36b82c17ab628a6e593b8a75c1bc78938f85222,1667207483,343,0xf616f671d3a7e138a7a996b4f36b82c17ab628a6e593b8a75c1bc78938f85222,0xdfefde520e32aa4c5d7afd525b9fb78451eb4cfc,recipient,253.173876,-0.16,1991230542681491584987574558359001,0,1583.128171801508,202648,382988,12882452144
mypool,15867063,0x6f3db02eb426725c8a61cc78610aa51390629acb7541739050d2767052b36dd5,1667207519,150,0x6f3db02eb426725c8a61cc78610aa51390629acb7541739050d2767052b36dd5,0x6b8ee579f5a8c8c67ab04d5a09768ca7efff9ae8,recipient,-5233.525656,3.304154846539764,1991227394020131891275739341848061,0,1583.1331785008513,202648,241014,13147878708
mypool,15867065,0x1780bd979cec26073d61fc9791e77b69b936d0ae12da7e509ef83587a394bcd2,1667207543,120,0x1780bd979cec26073d61fc9791e77b69b936d0ae12da7e509ef83587a394bcd2,0xa4ceca0e560bd1d2eb9c7d1748b29d1dec6abf05,recipient,-2500.0,1.5783562283299901,1991225889941328448085787002347387,0,1583.1355701511088,202648,272624,13600021331
mypool,15867065,0x2b00f451a6f606c483a7f400c9529af06fc3e60c7db0372900d5ef1a3a850f04,1667207543,222,0x2b00f451a6f606c483a7f400c9529af06fc3e60c7db0372900d5ef1a3a850f04,0xc4a395a81957bfdc8500a141a9bb60cd237c1255,recipient,1.0,-0.000631973830473666,1991225890543260481217559043221635,0,1583.1355691939696,202648,209352,12351149525
mypool,15867067,0x5ff257e34c50523f57957faa4f922a620767973b9369866c04681a0fff8f9590,1667207579,268,0x5ff257e34c50523f57957faa4f922a620767973b9369866c04681a0fff8f9590,0x635ad75b7fe68b51fbc0304c0e117e7efb98423f,recipient,517.604421,-0.3271125,1991226202105990919344107792507036,0,1583.1350737746131,202648,263649,13121962470
mypool,15867069,0x6602c8682fd350c19b02b62d21da6ebed5178bba396f46f2ed3e74a777be7a9e,1667207603,2,0x6602c8682fd350c19b02b62d21da6ebed5178bba396f46f2ed3e74a777be7a9e,0xecfa588035d50ce798618c199f67609064462139,recipient,-474110.484036,299.2830901292649,1990941003274439001550915696246187,0,1583.5886689453125,202645,173611,314248228577
mypool,15867072,0x873398d5fe885b14bec317817b878aaf87393bb5099c56b180cd22d0f7603ca0,1667207639,488,0x873398d5fe885b14bec317817b878aaf87393bb5099c56b180cd22d0f7603ca0,0x056e47b23d96ca7ed2cfc096c415be5de2bf8ccf,recipient,281.754732,-0.17801068533208483,1990941172823126897080776800541939,0,1583.5883992282832,202645,269070,13662504374
mypool,15867073,0x2cbd4bd016cf2799a4aa8abe5903232214759d04d211c41e4c2349259f84b89c,1667207651,243,0x2cbd4bd016cf2799a4aa8abe5903232214759d04d211c41e4c2349259f84b89c,0x83e5325a7c24098acaf21be7eca0abd9006b9f4c,recipient,2030.175588,-1.2826517492970315,1990942394502155403244564275110257,0,1583.5864557906941,202645,263558,13814441763
mypool,15867076,0xd70b9f079ffca01a919a5971c7c5c736a1c99fbaf3630ca05e901520920e83a3,1667207687,152,0xd70b9f079ffca01a919a5971c7c5c736a1c99fbaf3630ca05e901520920e83a3,0x2fb58d01afd17b9ef00defc819f66449aba30c14,recipient,71.225758,-0.045,1990942437363014800900400397905451,0,1583.5863876080339,202645,383010,14536114103
mypool,15867078,0x29320279ad9573d4606b62e3f18ab121bdb2e1a8abee05c2ea3fa94de41a5c7b,1667207711,391,0x29320279ad9573d4606b62e3f18ab121bdb2e1a8abee05c2ea3fa94de41a5c7b,0x88f859db067c45b114897db6920f3e4a61a5ca66,recipient,297.467028,-0.18793787657193403,1990942616366990428537310730216775,0,1583.586102850207,202645,265465,13910123167
mypool,15867078,0x8854a1ca462ea3528ff64ad0bc2d21de0437e468ac18438ba9005c8917e3a14b,1667207711,450,0x8854a1ca462ea3528ff64ad0bc2d21de0437e468ac18438ba9005c8917e3a14b,0x88b3e898781d16f9d83d786b99c6a4f9e1753dde,recipient,122.0,-0.07707887483761973,1990942689781808582864679894015073,0,1583.5859860626329,202645,209431,13410123167
mypool,15867079,0xb59083623d6f0fbff6ecc4b33e5d19ebaf3b47b4bca9bfb4f0b77db7b271cdf0,1667207723,520,0xb59083623d6f0fbff6ecc4b33e5d19ebaf3b47b4bca9bfb4f0b77db7b271cdf0,0x0b7001373bd82f9ab45f284fe1e7811722dba1de,recipient,-4000.0,2.524646722085452,1990940283944930498105666603253870,0,1583.58981325112,202645,327406,13804123842
mypool,15867081,0x2dc5f6037d0cb05e6a2495cb8ede6a920340b3cca8f5d03375e359bfe6e794db,1667207747,188,0x2dc5f6037d0cb05e6a2495cb8ede6a920340b3cca8f5d03375e359bfe6e794db,0x919256c63edf4cfec4c5ba3056720eb620e89b2a,recipient,-4996.246727,3.153430909877725,1990937278914440842364718556931545,0,1583.594593652104,202645,241064,14055662121
mypool,15867082,0x048048266f40994fbe9fa00dd80cc1abff64da3a5ded9f9ffb7c25da70f6de1d,1667207759,197,0x048048266f40994fbe9fa00dd80cc1abff64da3a5ded9f9ffb7c25da70f6de1d,0xac61bbad05822e5bd0516b9667b20135c05433b0,recipient,7258.601182,-4.585112932112703,1990765061770945681774252513642427,0,1583.8685927682593,202644,640137,14096936925
mypool,15867082,0x7ab24b4d34422530b411863d4ea9ab77485e1d56c74ceda32683ee1028868eea,1667207759,2,0x7ab24b4d34422530b411863d4ea9ab77485e1d56c74ceda32683ee1028868eea,0x8a14ce0fecbefdcc612f340be3324655718ce1c1,recipient,-293620.416051,185.30473497116284,1990760694618041111639462020393229,0,1583.8755418746296,202644,260412,12096936925
mypool,15867083,0x383e16838bd211578cd9789bd785ec53b47d4d4ed9af3d7bbf386b5ae464dce0,1667207771,3,0x383e16838bd211578cd9789bd785ec53b47d4d4ed9af3d7bbf386b5ae464dce0,0x83c3be04184a85b13d5eed19fcf203ed21498b26,recipient,79.153831,-0.05,1990765109394122790280737094525976,0,1583.8685169895014,202644,293098,13373655394
mypool,15867083,0x5a9f37c704c04fd1b7efe34d62ae7c835993030d28da45a9ccd8dcf03f3e2887,1667207771,9,0x5a9f37c704c04fd1b7efe34d62ae7c835993030d28da45a9ccd8dcf03f3e2887,0x63450c5b04f45607557409d46a6eb2168b233375,recipient,-492821.52598,310.94866309483314,1990468793971327021353222085139155,0,1584.3401240844728,202641,144356,390507410868
mypool,15867086,0xc928cbd97a97ad9c262390ebd8eda606ac5ed8d4f81cddc4752998559921bfbe,1667207807,27,0xc928cbd97a97ad9c262390ebd8eda606ac5ed8d4f81cddc4752998559921bfbe,0x61f88e66175fcecc64e0e5e8958c048cd65f8314,recipient,1077.529451,-0.6804529031324282,1990469442077909418813966065687063,0,1584.3390923468596,202641,637806,17521969115
mypool,15867088,0x7ea8594319fe2fac21900150589a2478b5b20ec80f9aa2a4600f51c56b323fd3,1667207831,634,0x7ea8594319fe2fac21900150589a2478b5b20ec80f9aa2a4600f51c56b323fd3,0xbf3e89f2494f1bd9b65f528a647274577273505a,recipient,15.835469,-0.01,1990469451602539908646841820706193,0,1584.3390771843617,202641,203781,16010157641
mypool,15867089,0xbfe7b388db3cedc7089aa0d533d0c03f8224322073e84c3dddc4852c6304d35f,1667207843,154,0xbfe7b388db3cedc7089aa0d533d0c03f8224322073e84c3dddc4852c6304d35f,0xd473c0dc7cf46bf0ac2b9e59c4f9193f1b7c5788,recipient,-296.253963,0.18689547822789232,1990469273502452830980036130740939,0,1584.3393607063872,202641,448263,17075837363
mypool,15867090,0xc469ae3d24eda9e88b4fe9eeee70bbc4dce9ec02501490d984812baef75cb938,1667207855,38,0xc469ae3d24eda9e88b4fe9eeee70bbc4dce9ec02501490d984812baef75cb938,0x88f859db067c45b114897db6920f3e4a61a5ca66,recipient,-4275.0,2.696932922973344,1990466703488491131529395516163727,0,1584.343451984979,202641,311940,30297431819
mypool,15867092,0x7abb6a53be0a92a7f8933ecfb13bc97d39c9401a34a8ac12c920c30431c0cc90,1667207879,217,0x7abb6a53be0a92a7f8933ecfb13bc97d39c9401a34a8ac12c920c30431c0cc90,0x417ae5c04990507de1552cc45a6a2bcdf27d01b3,recipient,-16000.0,10.093722229495231,1990457084781687434265386550931364,0,1584.3587644195738,202640,251389,15617567096
mypool,15867093,0x932b4ad34c2f3c6e38d85447d88d043fae0dea81e90231c2ab8e1c056cd5f08a,1667207891,295,0x932b4ad34c2f3c6e38d85447d88d043fae0dea81e90231c2ab8e1c056cd5f08a,0x93f635372008b7c5d770aaa6ff313454c8dc498c,recipient,-83059.071422,52.39066318107165,1990269638970354311063436069370069,0,1584.6572118191064,202639,265696,14748267776
mypool,15867093,0xed2946c78280976f71ac01c4e0bb345d3fa74d44b69cf2466982ab131e473f8a,1667207891,2,0xed2946c78280976f71ac01c4e0bb345d3fa74d44b69cf2466982ab131e473f8a,0xaa5efb75193b61c0f733890aac01bff059e20c8b,recipient,-164244.155844,103.60904012471194,1990358351632853602430066450988903,0,1584.5159548164136,202639,194657,102585996077
mypool,15867098,0x34f9d107fdd8d8ec764f078f0b97bafb39d979247ae45bd023f9466a6408a917,1667207951,258,0x34f9d107fdd8d8ec764f078f0b97bafb39d979247ae45bd023f9466a6408a917,0xa5a13f62ce1113838e0d9b4559b8caf5f76463c0,recipient,-132877.311281,83.80449870897091,1990127733528459136283502923614625,0,1584.8832068598292,202637,283176,14248327571
mypool,15867099,0x81cd1ddfda57dbf591d77671ae0f384a55644f63103ce4efed968b62f486ff53,1667207963,2,0x81cd1ddfda57dbf591d77671ae0f384a55644f63103ce4efed968b62f486ff53,0xd78ceba1f9291dade3539bd558eb5d9b969ec66f,recipient,-190936.539783,120.40099889931221,1989923859545359963873512755372337,0,1585.207976074219,202635,173622,156533789731
mypool,15867100,0x344308fa353c8844ff29ba29b80158093910efe42d53883d457ec8d0c1969faf,1667207975,2,0x344308fa353c8844ff29ba29b80158093910efe42d53883d457ec8d0c1969faf,0xe25a92c98356e7f18702d83107e83eb6ff9abde5,recipient,-239482.245248,150.97814059536915,1989668209549384219514463164941927,0,1585.6153650512695,202633,173424,193822332177
mypool,15867101,0x34bb7a7c9878f1b04a97c5974c0dd4bbb604453eeee5332510aa5dca6f8b4d27,1667207987,12,0x34bb7a7c9878f1b04a97c5974c0dd4bbb604453eeee5332510aa5dca6f8b4d27,0x056e47b23d96ca7ed2cfc096c415be5de2bf8ccf,recipient,775.99869,-0.48964409902819633,1989669038245000000398383172619882,0,1585.6140442363978,202633,486666,14467396201
mypool,15867101,0x5223d871ccfba9fa94687dc16b7d5670653ebfb6911327452008f20ffb8ddfdd,1667207987,97,0x5223d871ccfba9fa94687dc16b7d5670653ebfb6911327452008f20ffb8ddfdd,0xe7014a666967f0c99435cdebd2bbe87818be379d,recipient,170.0,-0.10726762837317066,1989669219789541279432140810789854,0,1585.6137548822092,202633,188870,14967396201
mypool,15867101,0xfb2af17a72ef460a56985fbf340eaf5f981974fa98108237d1899bd202ae17ae,1667207987,183,0xfb2af17a72ef460a56985fbf340eaf5f981974fa98108237d1899bd202ae17ae,0x25a30bd02b8923aac802b6b91a42dec0e00fad5a,recipient,7457.400716,-4.705535079386325,1989677183647980357750955767950650,0,1585.6010617897666,202633,420502,14467396201
mypool,15867103,0x141a0cc562deb55ad1af1196a5a30af9edb18495d7056bcaacab30e064ddeb51,1667208011,40,0x141a0cc562deb55ad1af1196a5a30af9edb18495d7056bcaacab30e064ddeb51,0xf42508a3f1f3f097e7cfe5080feba1a8fd97d192,recipient,-167615.070131,105.648390226835,1989498290131145228134705538153374,0,1585.886225646973,202631,173607,46275396463
mypool,15867104,0x034759d3612f925010ace7271bbbf7d3b3a583b2dd048541ed2c8eb74605eae3,1667208023,211,0x034759d3612f925010ace7271bbbf7d3b3a583b2dd048541ed2c8eb74605eae3,0x64bbde373e909501de1309231336761adeaa07d5,recipient,-97691.753902,61.566706315280626,1989394039753178763138170620650312,0,1586.0524406521577,202630,283134,13175597628
mypool,15867105,0x4da4b768f8886560d02d98ad0d3a16e5f98540788a7bdcef73ad66a0e21cedd7,1667208035,168,0x4da4b768f8886560d02d98ad0d3a16e5f98540788a7bdcef73ad66a0e21cedd7,0xc6121c21432329b91fdbb325d5eedaa94ab47e1a,recipient,-6000.0,3.781073403482023,1989387637293878546918723267419413,0,1586.0626494745602,202630,261561,13488787333
mypool,15867105,0x79296ab1df1092c4f89e0c4c82e6e0a6516c6df261afe635ecf728c7a1cc93d5,1667208035,216,0x79296ab1df1092c4f89e0c4c82e6e0a6516c6df261afe635ecf728c7a1cc93d5,0xb0abf7b22cf94fdab991b8f17398a405a94701b8,recipient,105.0,-0.0662347935735525,1989387749392611392862895273619371,0,1586.062470730514,202630,209359,13488787333
mypool,15867106,0x8cd7296fb89e3d0921df66ea728cdda8421806a366536d6af125b04f86b1b93c,1667208047,192,0x8cd7296fb89e3d0921df66ea728cdda8421806a366536d6af125b04f86b1b93c,0x138961b0aa1305f43a350d56253abfa16c8076dc,recipient,193.035197,-0.12176808100442083,1989387955478368518681348894937331,0,1586.0621421220417,202630,297613,13877729869
mypool,15867109,0xf9e74e78fdc32b5083efde6f964f4c84d1d3e41acc4bd48dbbd0d47353a1335c,1667208083,120,0xf9e74e78fdc32b5083efde6f964f4c84d1d3e41acc4bd48dbbd0d47353a1335c,0x4b2af1b14b03279df85c2d1ef96cc812fb4825d3,recipient,7164.565063,-4.519480358752277,1989395604449460663214341964375783,0,1586.0499457342285,202630,359401,12708108325
mypool,15867111,0x5d17968a273649d79d655cfee4afc390b64d8ebd2946cfa63d1996fc3ca530c0,1667208107,158,0x5d17968a273649d79d655cfee4afc390b64d8ebd2946cfa63d1996fc3ca530c0,0xdb54c49c6feb76c620c8f7a9a71a982050913df2,recipient,103.041694,-0.065,1989395714458373530058891216652511,0,1586.0497703245558,202630,195672,14338499610
mypool,15867114,0x32188a9f521d744597cba86b178e8dddb7f29649d2a05e4b83f5ceadcce42068,1667208143,138,0x32188a9f521d744597cba86b178e8dddb7f29649d2a05e4b83f5ceadcce42068,0x5d62c1c9dae502824273f0137204e417c2c68a34,recipient,-532.1837,0.3353724871146391,1989395146575005493251588511842998,0,1586.0506758172785,202630,220026,12994002893
mypool,15867114,0xe0ae077aa6d23b707818362d63148a17272e2defc847dcc2213be8bbf3be1f5b,1667208143,236,0xe0ae077aa6d23b707818362d63148a17272e2defc847dcc2213be8bbf3be1f5b,0x75aca769c4a4479174b0679b1d95aa4d97662a23,recipient,15852.441642,-10.0,1989412071023138853951473477493571,0,1586.0236900372984,202630,174501,12994002893
mypool,15867115,0x0cb18884fb9de8abf263008f1bcadeed0afa2d40d726ae7a03de37e849090d97,1667208155,463,0x0cb18884fb9de8abf263008f1bcadeed0afa2d40d726ae7a03de37e849090d97,0xa01a6120b3109596d9446976809e4289b9f18d6b,recipient,475.569082,-0.3,1989412578756582854772470026463088,0,1586.0228804745395,202630,484725,12646719016
mypool,15867115,0xc9c2a5b2e1a2b590bf22af7cca07f191ca8d4f70ecb392f75132842a477e7757,1667208155,499,0xc9c2a5b2e1a2b590bf22af7cca07f191ca8d4f70ecb392f75132842a477e7757,0x5174dedc36695f1593c527f7c1b6486b6d6a8120,recipient,805.867584,-0.5083603006138614,1989413439128336934667511589809587,0,1586.0215086440637,202630,253962,12461544036
mypool,15867116,0x0b4b76eceed1f14158c549fbe7ffbdf38cc745314ae29e93fb8736c8061c096a,1667208167,40,0x0b4b76eceed1f14158c549fbe7ffbdf38cc745314ae29e93fb8736c8061c096a,0x9ed2af9d4ab71740e4d63fab593be7e8701ea169,recipient,-12065.0,7.603231983095336,1989400564640558664908974665666590,0,1586.0420367176591,202630,381357,27545857273
mypool,15867118,0x1650df19f94f7b8c1b742681c6f14eec7f6e6049d9ac6d15e7d492ea5d922cad,1667208191,71,0x1650df19f94f7b8c1b742681c6f14eec7f6e6049d9ac6d15e7d492ea5d922cad,0x1012e83da77e283910d00e9dc1af5b103d62db12,recipient,11319.168268,-7.140352660757836,1989412649293384754916177446709404,0,1586.0227680061892,202630,311191,14846951117
mypool,15867118,0x44e0807f9410861a4f20581d7bfca0491205991a576f1854958c17492d5c53b6,1667208191,114,0x44e0807f9410861a4f20581d7bfca0491205991a576f1854958c17492d5c53b6,0x8c92a30c8e528a77d10fb26d3b5cea6be7b94c15,recipient,22575.268754,-14.241183898770345,1989437025943902289333566237441858,0,1585.983901044972,202630,396375,13732232991
mypool,15867118,0x80c5e7a3a911c451ad1d1e083ac6a2b4a004e29fa4f2adb44d025e3e3cd6a020,1667208191,79,0x80c5e7a3a911c451ad1d1e083ac6a2b4a004e29fa4f2adb44d025e3e3cd6a020,0xa0727093403630d36b8686454f829d54b8acbb5f,recipient,256.86023,-0.16203346196845225,1989412923526077050310546588720822,0,1586.0223307523052,202630,275208,14846951117
mypool,15867119,0x93299ee23086dccfc035136619d8a6836a931e6a45eeb17ef93974f1ad3b8f87,1667208203,242,0x93299ee23086dccfc035136619d8a6836a931e6a45eeb17ef93974f1ad3b8f87,0xdc2813e26504d6dd4f54da5f1ffda5c03fa08085,recipient,215.294258,-0.135816042940298,1989437594294022398683878699623803,0,1585.982994865241,202630,359707,13994212186
mypool,15867119,0xfa36d6b3023a91a87b65d2290bfcd8de3d0d5e5764ae13248e752dd8920074af,1667208203,161,0xfa36d6b3023a91a87b65d2290bfcd8de3d0d5e5764ae13248e752dd8920074af,0x7429321af0f2198718578783bc0e15c97cf9cf2a,recipient,317.038127,-0.2,1989437364432864956547563936754869,0,1585.9833613567073,202630,382971,13994212186
mypool,15867120,0x602816dc19e5eebf039029e981636e27975d877beb99e707aa51e01f8e731a39,1667208215,115,0x602816dc19e5eebf039029e981636e27975d877beb99e707aa51e01f8e731a39,0x1df7717323ba37c856773af5ec70af5c100da7dc,recipient,-1000.0,0.6302083545788469,1989436795589345553636099136331033,0,1585.9842683234306,202630,241000,14187106579
mypool,15867120,0xa04b33bec255012a18bcd6d1f745b62d3142cf96156cc3b93bcddc5ca67905a5,1667208215,70,0xa04b33bec255012a18bcd6d1f745b62d3142cf96156cc3b93bcddc5ca67905a5,0x8ffc6279e7b8a6811934d39338cc38677d501f7a,recipient,251.4111,-0.1586,1989437862715769793784578875179021,0,1585.9825668927913,202630,263633,14687106579
mypool,15867121,0x2ed007b6d90051d3521412a728f52e95af9dbca65394bacbb229d6d8c8fd9dd7,1667208227,471,0x2ed007b6d90051d3521412a728f52e95af9dbca65394bacbb229d6d8c8fd9dd7,0x6c0655f3999fe6940c7484fff4d1a95787fdaff9,recipient,299.768131,-0.18910536791294336,1989437115639744651906349062079351,0,1585.9837580335068,202630,206716,13024212027
mypool,15867122,0x0212dcde9f91aa871b9256b9c7a4639e017dcbbaeab9ef5a3779aac6df24a093,1667208239,110,0x0212dcde9f91aa871b9256b9c7a4639e017dcbbaeab9ef5a3779aac6df24a093,0x90c4bf2bd887e0abc40fb3f1fad0d294ebb18146,recipient,-110.108181,0.06939107600732598,1989436998140428313329188809366182,0,1585.9839453749632,202630,220495,15144216875
mypool,15867123,0xbae96532b7014927fbedfe43f24ebd4830f07b5b30c2f570e5d990ba6d6b23d6,1667208251,170,0xbae96532b7014927fbedfe43f24ebd4830f07b5b30c2f570e5d990ba6d6b23d6,0x3edcb6e675357ef67932e299cf61acd4aefe0bc7,recipient,-100.0,0.06302081110606177,1989436891427827124048104519825053,0,1585.9841155180602,202630,261530,14490413217
mypool,15867125,0xbfd3f1aec702abcd592f86eaaeef511113c7af20a6b0770bb1a1adf9ae0e18ec,1667208275,79,0xbfd3f1aec702abcd592f86eaaeef511113c7af20a6b0770bb1a1adf9ae0e18ec,0x0afadbca20c2505e0180e8755dd520f3b8dccc83,recipient,-350.238305,0.22072296677482647,1989436517679512664613614860982827,0,1585.984711424429,202630,241044,14066843154
mypool,15867131,0x7d13112856cb77e45000c8dc594f6a86908f6a453d984daad0fa97ddc131a3f6,1667208347,290,0x7d13112856cb77e45000c8dc594f6a86908f6a453d984daad0fa97ddc131a3f6,0x13e33abb2f58ed6f12ccde118f5b2f9ab4521bb4,recipient,206.0749,-0.13,1989436737697338398302713365536284,0,1585.9843606267566,202630,471496,11847265380
mypool,15867133,0x468292f3d83c7b143d97599107f52bee3f260643f2cd674eccca9f5c650db4e9,1667208371,250,0x468292f3d83c7b143d97599107f52bee3f260643f2cd674eccca9f5c650db4e9,0xd473c0dc7cf46bf0ac2b9e59c4f9193f1b7c5788,recipient,-591.636205,0.3728538791820167,1989436481202819838575685837788610,0,1585.9847695830865,202630,398871,12090594699
mypool,15867133,0xba0359d19be51c1cacb2b0d3ead5171c285edd25a5583b05f2419023bfa268bb,1667208371,25,0xba0359d19be51c1cacb2b0d3ead5171c285edd25a5583b05f2419023bfa268bb,0x68cc21f7c777243d1a9c71c2349bfdccd8ca7b78,recipient,189.755849,-0.11970533844949402,1989436940292017585787693255229045,0,1585.9840376087507,202630,174413,10590594699
mypool,15867133,0xc0b33fcd11e6500a188d456c52deb69c409424211f20de77f5e91c2f7bca8298,1667208371,42,0xc0b33fcd11e6500a188d456c52deb69c409424211f20de77f5e91c2f7bca8298,0x74c996d9e20f40241a9eb6e9ac9530d124b0297e,recipient,240.949007,-0.152,1989437197543629212870331506706933,0,1585.9836274455913,202630,619693,12590594699
mypool,15867133,0xefc4582720d61a473e7fc9a6ca0d68e2aafa579fa57bc4897598e2fd6109482a,1667208371,56,0xefc4582720d61a473e7fc9a6ca0d68e2aafa579fa57bc4897598e2fd6109482a,0xb2e83af10ad293ceb9d7e9c657dd0d0e6eb82306,recipient,120.991674,-0.07632625,1989437112553108936962712081133020,0,1585.9837629548524,202630,320173,11690595699
mypool,15867133,0xfbb64c8ee6813599f65ca4e4c259fbb54101a2c2e2d67b3e87e38537d7f4f687,1667208371,52,0xfbb64c8ee6813599f65ca4e4c259fbb54101a2c2e2d67b3e87e38537d7f4f687,0x68cc21f7c777243d1a9c71c2349bfdccd8ca7b78,recipient,-200.6965,0.12648058021150294,1989436983375143003070500121647072,0,1585.9839689168052,202630,168626,31199827940
mypool,15867138,0xa83b2ddb07b0ea95e8e28a7896ac8e64258763a5df59ac5466830ad36fd211c3,1667208431,2,0xa83b2ddb07b0ea95e8e28a7896ac8e64258763a5df59ac5466830ad36fd211c3,0x2393eabfb6885e83822f79cbf5bd1fc05c95fe54,recipient,291187.02629,-183.7206963137203,1989747418342398485751630387019878,0,1585.4891257324225,202633,173197,315994475941
mypool,15867139,0xf6b76a072fffa1d9cf697cccd957c38a1ba6c043aceac4ae5079ad1b843a16ef,1667208443,6,0xf6b76a072fffa1d9cf697cccd957c38a1ba6c043aceac4ae5079ad1b843a16ef,0x988749e7c18416447205893e0443ced3598cdd6b,recipient,148008.69453,-93.40619158027192,1989905503166871992262205812472842,0,1585.2372225000001,202635,182877,30450404328
mypool,15867140,0x7e2e23360975ffbd9d86655d8182c663289de1361b3e3fe0232a3307ae86065e,1667208455,112,0x7e2e23360975ffbd9d86655d8182c663289de1361b3e3fe0232a3307ae86065e,0x488c86ebf574c2370afdec73bf67c6188ae3182a,recipient,88.680849,-0.0559794956643661,1990080119307488152316460418049014,0,1584.9590469039038,202637,390192,11935337191
mypool,15867140,0xe688d182234527c8f271885c8428bd430c0c46a3c26feea682b269a1ee72800a,1667208455,37,0xe688d182234527c8f271885c8428bd430c0c46a3c26feea682b269a1ee72800a,0x45c5232b76ed9c6a70ec842a1e79d2d00eb58827,recipient,163370.312717,-103.11792563862754,1990080024565281061991031911503736,0,1584.9591978149424,202637,173075,22826542917
mypool,15867141,0x7ba334700a9af584fccfb6df3fefb5eb4a5f638b0d1d1f89dba89967e919edae,1667208467,297,0x7ba334700a9af584fccfb6df3fefb5eb4a5f638b0d1d1f89dba89967e919edae,0x763a7cdd10f0e6eb533ba7101168fc111797bf44,recipient,3960.407998,-2.5,1990084350419521492491431659461657,0,1584.9523073582504,202637,174525,11216412513
mypool,15867143,0x08f8513fa4271812d8589a2bb1579121d682bffbd24216bc76585bbc59225ba5,1667208491,129,0x08f8513fa4271812d8589a2bb1579121d682bffbd24216bc76585bbc59225ba5,0xa5a13f62ce1113838e0d9b4559b8caf5f76463c0,recipient,64774.101539,-40.890036945,1990153554550466178016538777188471,0,1584.8420813511048,202637,260948,10863306716
mypool,15867143,0xbaf70cba487cf89608733e91936653170d3b0bae683c5f7453e6215f90697143,1667208491,173,0xbaf70cba487cf89608733e91936653170d3b0bae683c5f7453e6215f90697143,0xd473c0dc7cf46bf0ac2b9e59c4f9193f1b7c5788,recipient,-663.808249,0.4186386236723761,1990152845673260278602996165555347,0,1584.8432103685357,202637,593403,10863306715
mypool,15867143,0xf72907a045e1991002dbd68330d0a406ae0cecb73cfa05e0d5ada57ee6f65bb1,1667208491,441,0xf72907a045e1991002dbd68330d0a406ae0cecb73cfa05e0d5ada57ee6f65bb1,0x15c1146fe36522187f548aca09b04d2575039f8a,recipient,15.840507,-0.01,1990152862597708411963696050520997,0,1584.8431834132227,202637,195630,11363306715
mypool,15867144,0x165c28f00df79ffc070c437f6b54ee5c54ea6cb7c82be2b72d79a3f6b7e0751b,1667208503,276,0x165c28f00df79ffc070c437f6b54ee5c54ea6cb7c82be2b72d79a3f6b7e0751b,0x54bd1046f7cc915c927dae5c59113ac3a8dc098f,recipient,-891.01,0.5619256709662797,1990151911093769135054257206496743,0,1584.8446988602436,202637,241065,11996046555
mypool,15867144,0xfc54348e8a1606525d16033d622fd4255282fa5c308a4d8ad1c1a4cdd965cb3c,1667208503,363,0xfc54348e8a1606525d16033d622fd4255282fa5c308a4d8ad1c1a4cdd965cb3c,0xca58c8e1464bf2a7d3e0419f19756d5c973a21ca,recipient,723.821024,-0.4569428146850275,1990152684444265839914047781899547,0,1584.8434671555547,202637,257521,11996046555
mypool,15867147,0x493bc1549f7c114081f87c1e7cf30ac50826a007e653b594244be26bcb96c38d,1667208539,123,0x493bc1549f7c114081f87c1e7cf30ac50826a007e653b594244be26bcb96c38d,0x59e41c21095b68aa531bb7848247c1504fe24987,recipient,950.430142,-0.6,1990153699911153841556040879838581,0,1584.8418498376027,202637,195700,12591435346
mypool,15867148,0x1e3f40eb044e9a0cf22d962d2261125c83994761ada5d8e33c2a371256b509f3,1667208551,140,0x1e3f40eb044e9a0cf22d962d2261125c83994761ada5d8e33c2a371256b509f3,0x3b5da59e6b5c582605e50c17aa4843cf45d01b20,recipient,475.214705,-0.3,1990154211030272922243722160162025,0,1584.8410357872526,202637,315658,12639902977
mypool,15867148,0x68719cc74a93594fc062673e6e565601e5306de50127c241cd312854530697ea,1667208551,133,0x68719cc74a93594fc062673e6e565601e5306de50127c241cd312854530697ea,0x870e6332d6971b23f28862b56092b4eea6495bac,recipient,3.168834,-0.002000464093829445,1990153703296828921422725611192508,0,1584.8418444452957,202637,269436,12639902977
mypool,15867149,0x5ba277cec7e6ebde3fa142f06373e54e7a08397002abc349aa819a2abdc2b1fe,1667208563,28,0x5ba277cec7e6ebde3fa142f06373e54e7a08397002abc349aa819a2abdc2b1fe,0xe32d02fd54e53a4d3f4db2508eaa15540abe8889,recipient,1559.314504,-0.984386334183629,1990155877049818530233839687045681,0,1584.838382351843,202637,345130,12484233695
mypool,15867150,0x5d15da55bce8966a8eb537fc7712737dde42aac0b0fab92d886e55f14038702b,1667208575,277,0x5d15da55bce8966a8eb537fc7712737dde42aac0b0fab92d886e55f14038702b,0xd473c0dc7cf46bf0ac2b9e59c4f9193f1b7c5788,recipient,-882.155201,0.5563057179128784,1990088289950636559617561757856504,0,1584.946032297207,202637,397749,12490155661
mypool,15867150,0xbcc6b3f9fbae2705ca6bb2d2d5203605d471f016f1e6119a886a9694d0a234c4,1667208575,33,0xbcc6b3f9fbae2705ca6bb2d2d5203605d471f016f1e6119a886a9694d0a234c4,0x4dd36c49b200a6d52ebb365f01bf0e4db8b9f765,recipient,578.964939,-0.3654729666432028,1990089221254756637361438676205492,0,1584.9445488798717,202637,307972,15021926128
mypool,15867150,0xd46ac2b53f0bebb2871ea652e817ae8eeb7a87dd1100aa5f8591219717bde515,1667208575,3,0xd46ac2b53f0bebb2871ea652e817ae8eeb7a87dd1100aa5f8591219717bde515,0x75995f240e6eee8e80ce5898cdb3960da06aaa54,recipient,-62999.133688,39.72992217525637,1990088602711929827526357878995459,0,1584.9455341186526,202637,164913,24135425834
mypool,15867150,0xea517c2ee3f9c8877053c315a5590099343ea635b367847455fdbc888cfaae67,1667208575,209,0xea517c2ee3f9c8877053c315a5590099343ea635b367847455fdbc888cfaae67,0xb6a042f7779bf04880d1525a5cd60d50698c4392,recipient,10.0,-0.00631252529435957,1990089231938357330853040502585634,0,1584.9445318626308,202637,209378,12490155661
mypool,15867151,0x3afa37dff862f781118a15ea1b8bb21f9df08080ca1fcc709e814f7de0806e92,1667208587,166,0x3afa37dff862f781118a15ea1b8bb21f9df08080ca1fcc709e814f7de0806e92,0xc95f8ce71cdca3b34b1eed8de63124babe3a9bc6,recipient,-200.0,0.12612415468691757,1990088076385682646391126528383517,0,1584.9463724720454,202637,241075,12562059487
mypool,15867152,0x37992d4fd722ad36aa9823ca6c0863e04d4951f013e953df419e13f58b0a9f2a,1667208599,19,0x37992d4fd722ad36aa9823ca6c0863e04d4951f013e953df419e13f58b0a9f2a,0x988749e7c18416447205893e0443ced3598cdd6b,recipient,-150287.251793,94.7666108257056,1989927608892966885219103787059500,0,1585.2020024999988,202635,185274,31053776015
mypool,15867152,0xb9aab4500a340cbcf62056919b4fd55b717654bfe6423e27418bc4e776c56d9e,1667208599,64,0xb9aab4500a340cbcf62056919b4fd55b717654bfe6423e27418bc4e776c56d9e,0xa0ba9d15defb5e4667fd14d2a65be5b4b191948e,recipient,-50.0,0.03152594974049688,1989927555510345450704279965487486,0,1585.2020875505718,202635,241051,12274870908
mypool,15867153,0xffee84e2d30391b80eb42041e9cb31cb74096e4b4c0384733d8219f58fbaf43f,1667208611,2,0xffee84e2d30391b80eb42041e9cb31cb74096e4b4c0384733d8219f58fbaf43f,0x3fbaea01b228368e67ca40d8cb195018fd095318,recipient,-144072.432465,90.83338153670532,1989773748121191300370832109761297,0,1585.4471658846774,202634,260500,10415748412
mypool,15867154,0xec9ab194e309b611c37162e2df613f3ec955fa820b499ccde6e12b96e4f30f11,1667208623,34,0xec9ab194e309b611c37162e2df613f3ec955fa820b499ccde6e12b96e4f30f11,0xb5c9e2f330677c397ad77dd387932da6f3dc97e7,recipient,-2158.147958,1.3605413241924567,1989771444328187339478594291228229,0,1585.450837205033,202634,391573,12568061372
mypool,15867155,0x27be23bd7ea8d901057db49d310c7719e13a62839c799749fa499d591a9c1a0e,1667208635,332,0x27be23bd7ea8d901057db49d310c7719e13a62839c799749fa499d591a9c1a0e,0xd473c0dc7cf46bf0ac2b9e59c4f9193f1b7c5788,recipient,-1171.041591,0.7377896480889038,1989152161334166449126864362723561,0,1586.4381880965723,202627,390378,12076585746
mypool,15867155,0x3327215326e12e8f5bc86bf5465fef981c77812fbfffc229ddafaa2d9539acba,1667208635,243,0x3327215326e12e8f5bc86bf5465fef981c77812fbfffc229ddafaa2d9539acba,0x15c1146fe36522187f548aca09b04d2575039f8a,recipient,-15.840507,0.00997998520578585,1989154884748946139155674330518291,0,1586.4338440142847,202627,261513,12076585746
mypool,15867155,0xc857767917de6760210d862e7ba8ed4e2e7c80b3b2a4a1ecac2973037676eb2e,1667208635,33,0xc857767917de6760210d862e7ba8ed4e2e7c80b3b2a4a1ecac2973037676eb2e,0x01da8b9ff4430cbcfebcf66c3be8101734153529,recipient,6997.234149,-4.412839213126035,1989154921588225845679646471902318,0,1586.433785252567,202627,345121,10906964202
mypool,15867155,0xdfc40b9a7810fb5e61089757f881b131046dfd4fb9646afe92d2956647f3d624,1667208635,2,0xdfc40b9a7810fb5e61089757f881b131046dfd4fb9646afe92d2956647f3d624,0x64bbde373e909501de1309231336761adeaa07d5,recipient,-478925.641195,301.84304610092966,1989138640548543639402350804392915,0,1586.4597551840627,202627,310306,10576585746
mypool,15867157,0x8d9be76f03e63526e474a5aabc147a23084eb0613dbda0918de631e175e3b646,1667208659,211,0x8d9be76f03e63526e474a5aabc147a23084eb0613dbda0918de631e175e3b646,0x04c62b449056d592474830d647d25451ee9c5f40,recipient,75692.36516,-47.7233588808326,1988976583709057388976341418256275,0,1586.7182872651333,202626,3000000,11207174133
mypool,15867157,0xa65de16e5e12dc0136f0e7c3f5e566991b2ef0fd8470303a19ee8238b4dfa7ad,1667208659,106,0xa65de16e5e12dc0136f0e7c3f5e566991b2ef0fd8470303a19ee8238b4dfa7ad,0x368dec1eb6e533119f8740c15613144bf5a668ca,recipient,-152085.216335,95.80105502709841,1988800509788803087716877797565782,0,1586.9992526761193,202624,282966,11525475634
mypool,15867157,0xd14eb9e3a1f3e27e474ff89a25b98a12194657ec78b9ea74161ed73c517881a0,1667208659,80,0xd14eb9e3a1f3e27e474ff89a25b98a12194657ec78b9ea74161ed73c517881a0,0xea3243794bfcdbcaf00cd0962839b556fd772f11,recipient,851.139107,-0.5367783905510901,1989154141762152838921152340091667,0,1586.435029140756,202627,359919,11791356087
mypool,15867158,0x22e981c8f701607e188c9bf9182f80d006899a643205065a20e4b3edeef5714e,1667208671,480,0x22e981c8f701607e188c9bf9182f80d006899a643205065a20e4b3edeef5714e,0x3c88efdd7978a62b651ea2d7f07e995aea35a521,recipient,-50.0,0.031474184727846355,1988293138932732621817107439986636,0,1587.8092941014904,202619,239818,11402313976
mypool,15867158,0xe26d7288d86a11bce2b293529355763d9c93a6820409fd8ea934be31b1875746,1667208671,538,0xe26d7288d86a11bce2b293529355763d9c93a6820409fd8ea934be31b1875746,0x76d7444eb3f967bb058c55c06e150b2eb269282f,recipient,158.701508,-0.1,1988293522405812853253242465300829,0,1587.8086816345128,202619,314428,11402313976
mypool,15867158,0xffb36d23cace9e1927621f78d7e237a7731bb5eb0bb4ac880174334dc0cd4819,1667208671,2,0xffb36d23cace9e1927621f78d7e237a7731bb5eb0bb4ac880174334dc0cd4819,0x3fbaea01b228368e67ca40d8cb195018fd095318,recipient,-292739.775138,184.33849456826846,1988293259688135977099430148509025,0,1587.8091012360317,202619,316316,9902313976
mypool,15867159,0xf9ef3574f5e1893bb9e46f2ae0d9d284aed733d1226393a505b0a7c5f09902b3,1667208683,182,0xf9ef3574f5e1893bb9e46f2ae0d9d284aed733d1226393a505b0a7c5f09902b3,0xf05ceec05219ae1dccfb05ace4cd6304955d1bd1,recipient,-810.18832,0.51,1988291565714758145575114772351968,0,1587.8118067823796,202619,246067,12634365162
mypool,15867160,0x06a68c98c74970d3ab472d825dbe200f2e49c4194574a53b655969382754b31d,1667208695,26,0x06a68c98c74970d3ab472d825dbe200f2e49c4194574a53b655969382754b31d,0xc52d16586da91c8524be91f94798c93e90f9e6d8,recipient,61528.693645,-38.77288011542862,1988437553651298622804719231033411,0,1587.578666083929,202620,2500000,14887752545
mypool,15867160,0x1613c54609ca35bc1af0fd1932b52f7eebc0fb7f8d7e80740f91fb961626321a,1667208695,57,0x1613c54609ca35bc1af0fd1932b52f7eebc0fb7f8d7e80740f91fb961626321a,0x3dac271d1b36a434880c527a678b6487ac9c1f8c,recipient,-19997.809766,12.589828863394048,1988391080613774783980425427525050,0,1587.6528773050873,202620,308998,14350639627
mypool,15867160,0xb7cd4cd2bd39cdd16b8c9f6d300adf18df80e751a7dff5801f88402ebcc9f586,1667208695,184,0xb7cd4cd2bd39cdd16b8c9f6d300adf18df80e751a7dff5801f88402ebcc9f586,0x3649d484a5962ad23e286ea6338018cecd35a7a6,recipient,-1717.014229,1.0809367096195592,1988387090534734622816267956447102,0,1587.6592491698561,202620,241070,12850639627
mypool,15867162,0x704085ad8d569fe5c3b444569a569f3d371bc4a8a6f43715577e4235d1ac09e9,1667208719,27,0x704085ad8d569fe5c3b444569a569f3d371bc4a8a6f43715577e4235d1ac09e9,0x6a733eccc52869622459d8e8b65a8b2c29e6886a,recipient,-18904.343799,11.900833546687121,1988342140018995752790898660031800,0,1587.7310345103356,202619,658432,12690680207
mypool,15867163,0x28178e81433a833fa1a636aa27fb35f6c51830a9f6ba60be338b5a36b18260c4,1667208731,133,0x28178e81433a833fa1a636aa27fb35f6c51830a9f6ba60be338b5a36b18260c4,0x0fc7cb62247151faf5e7a948471308145f020d2e,recipient,-91302.488254,57.46567179096783,1988048803444638183169799530878251,0,1588.1996084626371,202616,282980,12028000128
mypool,15867163,0x508024a269379fde693bca74930e29dbf1bc5c848d70cb9230d9251bec66b308,1667208731,29,0x508024a269379fde693bca74930e29dbf1bc5c848d70cb9230d9251bec66b308,0xd78ceba1f9291dade3539bd558eb5d9b969ec66f,recipient,-30168.438013,18.99077878789496,1988269279064140446135869586667575,0,1587.847402770996,202618,173630,24034223584
mypool,15867163,0xe681f24b6cb10c34b347eccfac322d7d79b435ea055bbae6623734d4ffbbb21b,1667208731,234,0xe681f24b6cb10c34b347eccfac322d7d79b435ea055bbae6623734d4ffbbb21b,0x620287d0aaac793833b4cffbd52d17aa047d82ea,recipient,-26735.033374,16.824584320451986,1987984253417895039122641840154073,0,1588.302748104124,202616,307939,12028000127
mypool,15867164,0x228b6998145b476e38009fa32326eb7f7d7fe8d2108013f3e0e7bcd415cd8041,1667208743,45,0x228b6998145b476e38009fa32326eb7f7d7fe8d2108013f3e0e7bcd415cd8041,0xd54e4f8a55247487dd7c8c59f14ee5c0c2889477,recipient,635.002948,-0.4,1987985787310215964867181941410846,0,1588.30029709621,202616,834223,17295768450
mypool,15867164,0x5e5fb35900fc79647fef12da674bddc4ddff5c56d072a29accd6a23e265618cc,1667208743,318,0x5e5fb35900fc79647fef12da674bddc4ddff5c56d072a29accd6a23e265618cc,0x80e52b6b3ef10fd6fddf19242face64779cac656,recipient,-479.519238,0.30175603427195763,1987984629578190545253274422494983,0,1588.3021470367257,202616,307855,11355768450
mypool,15867167,0x9e09c7bc782c16908a93f38898a0c38b6d86beb810d324c7ee4125dbbe96377f,1667208779,246,0x9e09c7bc782c16908a93f38898a0c38b6d86beb810d324c7ee4125dbbe96377f,0xaf40fdc468c30116bd3307bcbf4a451a7ebf1deb,recipient,56057.20703,-35.31385399183068,1988120048701841450343050964770359,0,1588.0857826780768,202617,617719,12205870892
mypool,15867172,0x46e8c1d4eec65b8c3e82774fabbaa8e95da31915398567ad73f24c2ecb570586,1667208839,32,0x46e8c1d4eec65b8c3e82774fabbaa8e95da31915398567ad73f24c2ecb570586,0x4dd36c49b200a6d52ebb365f01bf0e4db8b9f765,recipient,860.112257,-0.5418746500172256,1988122126645252864712183710903162,0,1588.0824630121267,202617,331903,28812520252
mypool,15867173,0x8dd4c66adf481ae2cb9be038ea62eb63032e0e9730419273de3155abc939ef37,1667208851,15,0x8dd4c66adf481ae2cb9be038ea62eb63032e0e9730419273de3155abc939ef37,0x474a6faf2178982be06028f0e1256af98910d9be,recipient,-118135.301496,74.34078340985745,1987836907143492023458310764934725,0,1588.5382192993168,202614,173642,69279607934
mypool,15867174,0x24129666a54e574145d02b4c633a6316eb6726be58baa146cae2431c36515f2d,1667208863,5,0x24129666a54e574145d02b4c633a6316eb6726be58baa146cae2431c36515f2d,0x93f635372008b7c5d770aaa6ff313454c8dc498c,recipient,-43758.283222,27.531021630704306,1987731280273390527955479713775318,0,1588.7070517567004,202613,256252,10262104459
mypool,15867177,0x916f81e1e27d8f35142ae6924c14bd08065a48e09009260f520f26567aa2c1e2,1667208899,101,0x916f81e1e27d8f35142ae6924c14bd08065a48e09009260f520f26567aa2c1e2,0x8c463874382b7f8582ed01650f8b30a82690612f,recipient,1011.577299,-0.637049218155312,1987733723185649978411916303257444,0,1588.7031467371264,202613,284102,11344110602
mypool,15867180,0x058e04571e4201d61c3a4fd07d141a2ca7778128d0c370b33d3a9bcf5f9425d3,1667208935,52,0x058e04571e4201d61c3a4fd07d141a2ca7778128d0c370b33d3a9bcf5f9425d3,0xc865eb005feda68ad94a8f357d3c01fa129e203c,recipient,-100.010001,0.0629192326242454,1987733481786631066779585133436602,0,1588.703532615221,202613,380000,9342075578
mypool,15867180,0x7401127614d4ffc41c42e9d927c830f651e19b43c867b8963d9b3ec4989c1feb,1667208935,399,0x7401127614d4ffc41c42e9d927c830f651e19b43c867b8963d9b3ec4989c1feb,0xe6a1f65e6e9de17c164181123627024f136a25ef,recipient,2144.027104,-1.3498958856486,1987497310798444655580934576603697,0,1589.0811210262614,202611,248778,9825266398
mypool,15867180,0x925b5dde6d24c4440348beb44f2024f25cabf59c27b8032677c614d90be33104,1667208935,315,0x925b5dde6d24c4440348beb44f2024f25cabf59c27b8032677c614d90be33104,0x14964f90c2af0ba725545cfdd5a9daec99f89f81,recipient,-100000.8,62.90579814251343,1987492134311112041469673085748923,0,1589.0893986630515,202611,2018634,10842075578
mypool,15867180,0xe1bb3dc76113c49a8819caa6959d1691602189cdf690c2716daa6e5bc277f07b,1667208935,417,0xe1bb3dc76113c49a8819caa6959d1691602189cdf690c2716daa6e5bc277f07b,0x65fb9db5fc926eb22ac5ae86e74242e0df44718c,recipient,3427.334452,-2.157890625,1987505585728092368468444155461986,0,1589.0678888550394,202611,317483,9403263000
mypool,15867182,0x3ffda76cef387c6f75e93c01aed71e5dc78850a00f929856d0a61b2e7fb6827a,1667208959,41,0x3ffda76cef387c6f75e93c01aed71e5dc78850a00f929856d0a61b2e7fb6827a,0x5e3d1448a0365c3b1cd08908d410bfccca449c45,recipient,42765.961491,-26.92747016,1987608845327343321292642554249819,0,1588.9027836820705,202612,1030000,8365398391
mypool,15867183,0xa78b43ec35d9af87ec576105301208aef1f0d3fedf96cd4cbc362a243f44d368,1667208971,298,0xa78b43ec35d9af87ec576105301208aef1f0d3fedf96cd4cbc362a243f44d368,0x96ad6be504d153a25d41a476d5202425e85135fb,recipient,3970.253673,-2.5,1987617933389962613081985637921607,0,1588.8882537115574,202612,519787,10626000000
mypool,15867183,0xf7e3f462449a9d30398ab4cb1f8358695be29cc0164d95f8b05bf94946181d38,1667208971,232,0xf7e3f462449a9d30398ab4cb1f8358695be29cc0164d95f8b05bf94946181d38,0xa0ba9d15defb5e4667fd14d2a65be5b4b191948e,recipient,-206.660745,0.13,1987608346562956827178610005066776,0,1588.9035811110234,202612,246073,10910400193
mypool,15867184,0x82671261f6961e6b34d60f3ef65f978776e1fc3da82ad5a3132d61e482896269,1667208983,167,0x82671261f6961e6b34d60f3ef65f978776e1fc3da82ad5a3132d61e482896269,0x022fa466e7184fa00c3ceb2466de79a74aa6317a,recipient,100.049897,-0.063,1987618174978003158886750703869548,0,1588.8878674639554,202612,357358,11410704981
mypool,15867186,0x0656bf55690f792529c68a0b447335e2f339a8178907cffcb963f96dc49e7a4c,1667209007,49,0x0656bf55690f792529c68a0b447335e2f339a8178907cffcb963f96dc49e7a4c,0x05429d641a61eb2c6093905784d2e8c9b5a193c8,recipient,494.625208,-0.3114586949934536,1987619369338254498916923897525191,0,1588.885957939454,202612,391453,8923461428
mypool,15867186,0xab03916b2161cceeab7d842ee8527113af5286c51638f796d11355e2cea50a1c,1667209007,348,0xab03916b2161cceeab7d842ee8527113af5286c51638f796d11355e2cea50a1c,0xe5358cab95014e2306815743793f16c93a8a5c70,recipient,-10059.578437,6.327971987726719,1987595091130052880021526782073604,0,1588.9247742354532,202612,241092,10413461428
mypool,15867187,0x88bb792dc842665aecd829722829ad304820eee6c6c02dc44960fdc9d4d13296,1667209019,98,0x88bb792dc842665aecd829722829ad304820eee6c6c02dc44960fdc9d4d13296,0x879a55b54368f67ca665a5e85a06adcb7170ca38,recipient,-221.758392,0.13949524603783026,1987594555935738965376120727363686,0,1588.9256299266867,202612,393102,11630440581
mypool,15867190,0x2c764b2853238dfbc054edd3c4c7f01ae7d71bb31ca395105cea736d518b53ed,1667209055,167,0x2c764b2853238dfbc054edd3c4c7f01ae7d71bb31ca395105cea736d518b53ed,0xee72e408b6932b51c1210af14cedce951a063df4,recipient,-846.0,0.532168476271279,1987592514192019127284465403929580,0,1588.9288943589781,202612,241087,10858465847
mypool,15867193,0xbd5d582412823340a7405f11d8b73494efdc591d9e8ca58ce932f70930b96f56,1667209091,129,0xbd5d582412823340a7405f11d8b73494efdc591d9e8ca58ce932f70930b96f56,0x0a076900b445155abade176d3b554d0d7dce034b,recipient,97.091444,-0.06113554,1987592748630357481406196306784548,0,1588.928519527838,202612,410919,9608600002
mypool,15867194,0xa568a79a509ed2348f3443b29700b0b69d5064141308fd8299a5ce76b48a73cc,1667209103,2,0xa568a79a509ed2348f3443b29700b0b69d5064141308fd8299a5ce76b48a73cc,0xbbad96336943a36e3e292d973b3382dd0ba4d1ef,recipient,-450514.552247,283.236827255172,1986505875998262850511603743610566,0,1590.667689170205,202601,340150,491434822085
mypool,15867195,0x2b8420c76f37aba17bbe4d96336229bb754596939ce79d77f78ecb40db8b4964,1667209115,7,0x2b8420c76f37aba17bbe4d96336229bb754596939ce79d77f78ecb40db8b4964,0xf38eeda185684df5046f446161264795da50c8c1,recipient,79.49361,-0.05,1986506067777226982643347125351519,0,1590.6673820414308,202601,389979,11319465682
mypool,15867195,0x6aee4dfd03dcf268232f156f44a182489e9b36a664287ca89f31b5f340d59235,1667209115,111,0x6aee4dfd03dcf268232f156f44a182489e9b36a664287ca89f31b5f340d59235,0x5174dedc36695f1593c527f7c1b6486b6d6a8120,recipient,173.335122,-0.10902459659793204,1986506485949710992142136536266076,0,1590.6667123499249,202601,314549,10739806599
mypool,15867195,0xf10655e60430d2548a3915c9c4e37016ff1e37ddc1c45e60d6ebc517bee202c8,1667209115,440,0xf10655e60430d2548a3915c9c4e37016ff1e37ddc1c45e60d6ebc517bee202c8,0xed250924d0dbc0af793cd324f7ffe11c6ff37cf2,recipient,187.604779,-0.118,1986506938548066343973050917174726,0,1590.6659875268274,202601,314140,10819465682
mypool,15867196,0xc5baf9881172736ab01b459e2ad75018e813fa70c3f7ff343e6b67de5f92103a,1667209127,2,0xc5baf9881172736ab01b459e2ad75018e813fa70c3f7ff343e6b67de5f92103a,0xe25a92c98356e7f18702d83107e83eb6ff9abde5,recipient,-193390.960214,121.48930187565624,1986040723591250952204399730183480,0,1591.4128798828126,202596,173452,155376462020
mypool,15867198,0x7650c365792a7ca874cf7a182efaa4f3bf41524994a8350b9ca39c7b942f2a07,1667209151,258,0x7650c365792a7ca874cf7a182efaa4f3bf41524994a8350b9ca39c7b942f2a07,0x903acc2e7e7f1271b0eada50279f07d73d7a5a80,recipient,159.061655,-0.1,1986041298928143348599629875406339,0,1591.4119578492089,202596,313284,10776406271
mypool,15867198,0xe2e65fa8c2417cce8f39801c865a820dae3011a0c0762a37226d857fa6480c55,1667209151,43,0xe2e65fa8c2417cce8f39801c865a820dae3011a0c0762a37226d857fa6480c55,0x2aa282b45446c43051d6cdd4e016ae6b77956744,recipient,79.53085,-0.05,1986040915370215084336143111924433,0,1591.4125725381891,202596,424078,15000000000
mypool,15867199,0x1068adaa9a5c04feba2c55e7037e41d0d7a3d6e6eca25491966e2fa0a6847139,1667209163,135,0x1068adaa9a5c04feba2c55e7037e41d0d7a3d6e6eca25491966e2fa0a6847139,0xb0213db41c17e68fad949139699a6f90b5705211,recipient,-1602.475903,1.0066215233047875,1986209772950487177019010841581255,0,1591.1419962303166,202598,474160,11347914916
mypool,15867199,0x17640ccaa6d47820a45807e69ded9d83b627556bec0b434ee7ff48417ac77425,1667209163,109,0x17640ccaa6d47820a45807e69ded9d83b627556bec0b434ee7ff48417ac77425,0xdf8b3eff0eb9e3cb65cd0fd8af4234ff6767890c,recipient,15.903402,-0.01,1986213635858601484185382935373969,0,1591.135807138428,202598,424064,11347914916
mypool,15867199,0x19242416e6cf3a291a59cd48d53db32f74b16235a95825ed11d6d7dfbae28a91,1667209163,2,0x19242416e6cf3a291a59cd48d53db32f74b16235a95825ed11d6d7dfbae28a91,0xf42508a3f1f3f097e7cfe5080feba1a8fd97d192,recipient,71446.089055,-44.921134975627204,1986213597502808657759034259025779,0,1591.1358685913108,202598,173264,35921343048
mypool,15867200,0x5b6bb8aebee873dcc0ea5c098d30298ba4c88bb5feac3f06d58fbc6f4732c54d,1667209175,167,0x5b6bb8aebee873dcc0ea5c098d30298ba4c88bb5feac3f06d58fbc6f4732c54d,0x1ba844ddbfa356599be6be566945dfd79e74ffd2,recipient,1590.225904,-1.0,1986286955406082727162525468061072,0,1591.0183425355515,202599,195705,11181269239
mypool,15867200,0xe663adcb401ce5f0a1eae3432ab145f78340acd1e320429849b6cc78e6cc17ce,1667209175,22,0xe663adcb401ce5f0a1eae3432ab145f78340acd1e320429849b6cc78e6cc17ce,0x50c708e0106989e90083f08d5cca67b1ee07c990,recipient,30410.695898,-19.122763709989858,1986283119826800084527657833242003,0,1591.0244871609818,202599,1021978,9987437856
mypool,15867201,0x90f388d6187f76531666da009661ef169d6f3f5172981b268d6178f3c17c1d1c,1667209187,146,0x90f388d6187f76531666da009661ef169d6f3f5172981b268d6178f3c17c1d1c,0xe35b192318404b16619d47d8a74fdcdf92d3c4d1,recipient,15265.856203,-9.6,1986323776967196096457254762324143,0,1590.9593559425175,202599,195720,10839888001
mypool,15867203,0xa3c18aca1a7c0ef5cd84373d5537306b5a34796da450c92c3d30b031d1d3b564,1667209211,37,0xa3c18aca1a7c0ef5cd84373d5537306b5a34796da450c92c3d30b031d1d3b564,0xdcdb84e268710d6977cdf559aa77e7aecfc4dab1,recipient,31.803276,-0.02,1986323853678781749309952115020524,0,1590.9592330572061,202599,402901,13750000000
mypool,15867204,0x443d2c57142adf3fc719f5351a71510618a543199f18c818d90aaade7eb0d46c,1667209223,30,0x443d2c57142adf3fc719f5351a71510618a543199f18c818d90aaade7eb0d46c,0x324c462e492e1a45719783bc466c2de978e07e49,recipient,31802.046877,-20.0,1986400565264434602007304811401922,0,1590.836354871386,202600,239197,53000000000
mypool,15867204,0x667018dbf30d367621ca853dc5f4a4280ca6ce8b055fe9df53835a547caa8640,1667209223,205,0x667018dbf30d367621ca853dc5f4a4280ca6ce8b055fe9df53835a547caa8640,0xee72e408b6932b51c1210af14cedce951a063df4,recipient,921.745864,-0.5797,1986402610332372936237300191169176,0,1590.833079234581,202600,504004,11077517395
mypool,15867204,0xd40c1aea4339df1ab7a6e57529062a8d495a7f2816bc5bec7bd794c954c25240,1667209223,235,0xd40c1aea4339df1ab7a6e57529062a8d495a7f2816bc5bec7bd794c954c25240,0x2d1d27df0cb45ddac5fb78e84e47a93853faad21,recipient,-1500.0,0.9424290266157289,1986398993762838320575230134033607,0,1590.838871991932,202600,241046,11077517395
mypool,15867204,0xeed3d5c0de8a0ebffca38ddf34c56e887350c252df75333860b53e4203937003,1667209223,148,0xeed3d5c0de8a0ebffca38ddf34c56e887350c252df75333860b53e4203937003,0xb618d796bd7ed78387c7de0e08bb9868e98fcdcb,recipient,-74.0,0.04649315005292608,1986400386847062788301867423264562,0,1590.836640647462,202600,220526,11077517395
mypool,15867206,0x266f1d7924f96efa687d73a48e472ad60b30fbb00e914ae71699f4642143ce04,1667209247,2,0x266f1d7924f96efa687d73a48e472ad60b30fbb00e914ae71699f4642143ce04,0x4603180bbb8221157880afaa84638e0fc467738d,recipient,-410394.786501,257.7164611254662,1985410007350543358875052877536051,0,1592.42414644794,202590,279600,8418059472
mypool,15867206,0x65d80663dfb2730ab700cd0e37b0a574a4e412ccdc438e7f1df59edefdd4c8f8,1667209247,439,0x65d80663dfb2730ab700cd0e37b0a574a4e412ccdc438e7f1df59edefdd4c8f8,0xb0213db41c17e68fad949139699a6f90b5705211,recipient,-1273.485862,0.7993130322207046,1985405552194567292436029255255869,0,1592.431293104606,202590,429739,9918059472
mypool,15867206,0x70a01ad9544c816e2410c68c2edee29cb2b4bdf6ea819fe94f505a48dddd2e47,1667209247,354,0x70a01ad9544c816e2410c68c2edee29cb2b4bdf6ea819fe94f505a48dddd2e47,0xe1539dfcce7f89aa42c232a0e9289dea1f5f1c87,recipient,-1000.0,0.6276592938509049,1985408619556755118348527855454412,0,1592.4263726467077,202590,241044,9918059472
mypool,15867206,0x996322a56fb58af41c49a989416d93adf6585985ae26208f548f0de126f9daeb,1667209247,184,0x996322a56fb58af41c49a989416d93adf6585985ae26208f548f0de126f9daeb,0xb50732bbc29715fb924fa5afdd082b404f073a0c,recipient,315.540117,-0.19825,1985410767754136142777415386138931,0,1592.4229266652835,202590,385755,10418059472
mypool,15867206,0xe035e096c5f9569f5342d9a1c143577f843e91ac3aca333731226dd01ffa7165,1667209247,272,0xe035e096c5f9569f5342d9a1c143577f843e91ac3aca333731226dd01ffa7165,0xcf54f040936df968bc7cae732903c926af3c0e20,recipient,108.074797,-0.06790210930045484,1985411028198059823337769825939733,0,1592.4225088809133,202590,268119,9918059472
mypool,15867207,0xa29f20f0f48a0eceffb55304ebc45c7bea575d4d4deb5f6a2c6867f151dd6930,1667209259,71,0xa29f20f0f48a0eceffb55304ebc45c7bea575d4d4deb5f6a2c6867f151dd6930,0x6d8d524dbe93b62995285d6be5fbf3d0ccc0f2ff,recipient,-8.8,0.005523405036556515,1985410397512117097391948461297549,0,1592.4235205797058,202590,314155,10944997487
mypool,15867207,0xae761d024c64056f82e7218ce272220c681d50107a5fa95e6370ac29b70be687,1667209259,10,0xae761d024c64056f82e7218ce272220c681d50107a5fa95e6370ac29b70be687,0xceebb330d22644b7dbfaee69b75174718f936f44,recipient,-91437.941225,57.391481626405586,1985400534937265922418571261547472,0,1592.4393415033924,202590,207978,10944997487
mypool,15867207,0xdc739286d2d30740aa55f95444e2b7759d913b44d9aeeb9bdd7ded51136175f1,1667209259,53,0xdc739286d2d30740aa55f95444e2b7759d913b44d9aeeb9bdd7ded51136175f1,0x65fb9db5fc926eb22ac5ae86e74242e0df44718c,recipient,4101.429408,-2.576865234375001,1985410418708173053230022589951831,0,1592.4234865785766,202590,317451,13638265000
mypool,15867207,0xff6870cefc9efca86b7349af4ea1b3106ec18e7de9d89ff4110b4c8f198d4648,1667209259,83,0xff6870cefc9efca86b7349af4ea1b3106ec18e7de9d89ff4110b4c8f198d4648,0x4425c20d8e84c48aebeb116cf7b9838d4833f78d,recipient,2432.50777,-1.5283194367739878,1985416259502486047759982733201494,0,1592.4141172543166,202590,304821,12603687248
mypool,15867208,0x36a244e7620a9002e0a3f89a1874bb08bbd331d2b2576ada4b6b12704efe8c29,1667209271,64,0x36a244e7620a9002e0a3f89a1874bb08bbd331d2b2576ada4b6b12704efe8c29,0x10763988715993eaf59905029ce3414ada0b5200,recipient,2773.766364,-1.7427396894894842,1985422943918734092684338374222619,0,1592.403394762252,202590,243535,11919144134
mypool,15867209,0x142366350fd929b03b0dda0dc153ccc7e0d43280bbe31c304f3f6da4dc051c85,1667209283,2,0x142366350fd929b03b0dda0dc153ccc7e0d43280bbe31c304f3f6da4dc051c85,0x988749e7c18416447205893e0443ced3598cdd6b,recipient,-132478.510245,83.13717466293285,1985052304240313943184896945977792,0,1592.998102499994,202586,214646,51555119502
mypool,15867209,0x4b84fbc161e7d642374fd37c8b2ecea2e31aba86534225555099636efdefef91,1667209283,223,0x4b84fbc161e7d642374fd37c8b2ecea2e31aba86534225555099636efdefef91,0x157a4daaca6301d5d14701f6b5e99f1e228f0491,recipient,79.610071,-0.05,1985052530740357229762664727245825,0,1592.9977389689404,202586,344106,10983314721
mypool,15867212,0x20f53e5e4f3315c9329f554b22172cd37ef532d139f240e2e2c8efd8084537c0,1667209319,251,0x20f53e5e4f3315c9329f554b22172cd37ef532d139f240e2e2c8efd8084537c0,0x938a49e24fd7a26149dd537019078d8a8f919290,recipient,-100.0,0.06274333179299611,1985052246370825122554420035026807,0,1592.9981953801562,202586,240975,11053064481
mypool,15867213,0x594b49b567d221fad70c18889b79fb998a8d71c6bcd7a8315546293944765626,1667209331,416,0x594b49b567d221fad70c18889b79fb998a8d71c6bcd7a8315546293944765626,0x524cfae2daab901234c842f3a17235902b0f01f9,recipient,1910.636803,-1.1995637557258034,1984696828393030932432256417935145,0,1593.5687922438058,202583,2100014,9843779040
mypool,15867213,0x8d64ecde3aaab0280bc7e208012bd07ac725390c10c0fe98234a750f2fa54482,1667209331,214,0x8d64ecde3aaab0280bc7e208012bd07ac725390c10c0fe98234a750f2fa54482,0xcb94948e0b8bb7e32d6ca7a7fd500d1d11617f08,recipient,391.787766,-0.24597707576364547,1984691394368178994346793015870389,0,1593.5775185418083,202582,263570,11343779040
mypool,15867213,0xaf598dc1059147e2c9576e5c2f17adbe11d9495a2de94668ab4afdfe47a09375,1667209331,2,0xaf598dc1059147e2c9576e5c2f17adbe11d9495a2de94668ab4afdfe47a09375,0x728140d4902ed52ba6708b8788c31f50ab3a145d,recipient,-127410.575638,79.92704027157795,1984689995683856028989083550289774,0,1593.5797646484375,202582,173609,155261127357
mypool,15867213,0xb9a3428869fcdfc496ca9a174bfb1b1b94c8a898d8e1cc69c89ffdc521893dee,1667209331,203,0xb9a3428869fcdfc496ca9a174bfb1b1b94c8a898d8e1cc69c89ffdc521893dee,0xd0e55d7556e7879d35ff58e668e2989bc2c0e4e0,recipient,100.0,-0.06278320142439928,1984690280091812834916418830828650,0,1593.579307925555,202582,209400,11343779040
mypool,15867215,0xe446db77e0344158062c449719d24a049443e696bdf73839a55a34fe9e979e72,1667209355,152,0xe446db77e0344158062c449719d24a049443e696bdf73839a55a34fe9e979e72,0x214c104d27fe86f263b143a2a50a5a7b7cd4af08,recipient,82.824134,-0.052,1984697063953075950473134910453899,0,1593.5684139683292,202583,423943,11224180269
mypool,15867216,0x30645b1b3b4751d14a94a4f63f32d7c69ee7ef129ad2db390e690537b6836ef2,1667209367,2,0x30645b1b3b4751d14a94a4f63f32d7c69ee7ef129ad2db390e690537b6836ef2,0xfb9779477e5b4834bf2bc02dd29b97b344d0f700,recipient,-150657.385166,94.47324607886046,1984269371124147917971905220608564,0,1594.2554489496147,202578,315368,9827049092
mypool,15867216,0xd725f92dfee1f66c3fb88b789144696c33aa0fb4068c8f1d1d08ac62c8af358d,1667209367,30,0xd725f92dfee1f66c3fb88b789144696c33aa0fb4068c8f1d1d08ac62c8af358d,0x79b7a69d90c82e014bf0315e164208119b510fa0,recipient,452.559756,-0.2840112245210553,1984270652804958756824616247165114,0,1594.2533894261787,202578,220785,12268641886
mypool,15867219,0x21b67f983b62f9e1b27aa89ee2acb07e046d3f5b41f2f613d7833db2926ff77d,1667209403,435,0x21b67f983b62f9e1b27aa89ee2acb07e046d3f5b41f2f613d7833db2926ff77d,0xd6de0b874a8f4994af955fc3b975004de59aaebf,recipient,-979.068943,0.6128082579762809,1982638535310650440221931047409187,0,1596.8792637788918,202562,261537,10265770774
mypool,15867219,0x410b930efe6526b28233160ebef58fe8a7e34d8f50417922fce1478e3b0c5d7a,1667209403,2,0x410b930efe6526b28233160ebef58fe8a7e34d8f50417922fce1478e3b0c5d7a,0xfc23b61db3a1dce083e82da5a2ccfd91a2211f7c,recipient,-586652.474675,367.4865603714261,1982596226667571413729327805811206,0,1596.9474193768779,202561,328490,8765770774
mypool,15867219,0x4d6b7327be5efd26e8cef119b20b6ea9fef1fa0ecd0b6f029859f11a9959b416,1667209403,413,0x4d6b7327be5efd26e8cef119b20b6ea9fef1fa0ecd0b6f029859f11a9959b416,0x39a98bb9674f42b56a1caff87766f37cc03cd747,recipient,-300.193663,0.18789432436040915,1982641355220066551726604750881945,0,1596.8747213015972,202562,240979,10265770774
mypool,15867219,0xaf84f6f8596c34522e6fa91f82a8c09d293cc2bd7bd8e42f0f5425245ce3ae78,1667209403,137,0xaf84f6f8596c34522e6fa91f82a8c09d293cc2bd7bd8e42f0f5425245ce3ae78,0x674a326170d7da3a257ed38f0c2c8a3993b5e660,recipient,15961.119183,-10.0,1982642219837942700410917792973390,0,1596.873328527737,202562,573392,12765770774
mypool,15867220,0xbb48f3a0fe20f2d69561ba6f24b3864ec9b87a533f9e0511fb46ae4f390427c1,1667209415,382,0xbb48f3a0fe20f2d69561ba6f24b3864ec9b87a533f9e0511fb46ae4f390427c1,0x8c0bd42871560151705f3d0a2d6714e0bd8c4a06,recipient,47.881731,-0.03,1982652963197518132187058101903870,0,1596.8560226873276,202562,503628,10772840279
mypool,15867220,0xc37f929461363a9f05e1b96659207c13897c2d5af0a8ce3cdd841dad801776c3,1667209415,10,0xc37f929461363a9f05e1b96659207c13897c2d5af0a8ce3cdd841dad801776c3,0xd7e1236c08731c3632519dcd1a581bfe6876a3b2,recipient,4958.928149,-3.1069628906250015,1982652825218007018327013331942384,0,1596.8562449485507,202562,323233,19377710000
mypool,15867221,0x1dbfd35fb0b607ee23a03f7d91bbef496c8dcbc83bc4442fffda220b488f17f2,1667209427,2,0x1dbfd35fb0b607ee23a03f7d91bbef496c8dcbc83bc4442fffda220b488f17f2,0xaa5efb75193b61c0f733890aac01bff059e20c8b,recipient,-317199.549212,198.44925640426678,1981739490188119064168415555801016,0,1598.3284877319334,202553,203502,327168001564
mypool,15867221,0x9fb5d98f78be6295b81268ac27e8afc3d3c48e0d723296ab0063156194ce785a,1667209427,51,0x9fb5d98f78be6295b81268ac27e8afc3d3c48e0d723296ab0063156194ce785a,0x1185be8da26b2ae0a6950f9587589536f9dda9e8,recipient,2014.101251,-1.2607638040823725,1981745291297733871822442492005918,0,1598.3191302577638,202553,349117,13420083190
mypool,15867221,0xc26de99b3f8ac48793e4f6e8c49eea95002eaee587d081b126ddabeb594be265,1667209427,101,0xc26de99b3f8ac48793e4f6e8c49eea95002eaee587d081b126ddabeb594be265,0xc207c7b5a4735de955c4cf844e10be8c8034d760,recipient,6099.901938,-3.8183910874014413,1981762860730785879963860859726206,0,1598.2907904023434,202553,375265,12374220279
mypool,15867222,0x04b28de8bad6a990836e831c8e5fbb23b2178e13a40e5bf2f053db75da409026,1667209439,2,0x04b28de8bad6a990836e831c8e5fbb23b2178e13a40e5bf2f053db75da409026,0xac8ce0981248195d2699a6e96cc093b69e424894,recipient,-462190.384836,288.83924818844645,1980431893014972863018780041532903,0,1600.4398047430902,202539,218335,1640370160393
mypool,15867222,0x0770927f274be4707027a3f4374b81ea7d9d9bd6ed5838f0c0d57005839624f5,1667209439,115,0x0770927f274be4707027a3f4374b81ea7d9d9bd6ed5838f0c0d57005839624f5,0xecb43863a7ded9629cd19c5bfe94cd9c742dda70,recipient,17518.173188,-10.951604143950872,1980482349297684251191615444908425,0,1600.3582577253885,202540,700000,12497946719
mypool,15867222,0x642477ff468eab65ae4604d2e8320c4dd601c9684cd507aeb5fcd1522fb54762,1667209439,148,0x642477ff468eab65ae4604d2e8320c4dd601c9684cd507aeb5fcd1522fb54762,0x8bda5ae57fb4380351dcdbd90cb79af9a8166e28,recipient,287.920333,-0.18,1980483178594540553872528555261412,0,1600.3569174748793,202540,493376,11793799822
mypool,15867223,0x4112d47ead6c69d867c6d8716a9d1da773e0f0417d5c7e4d95a846d7a0e54e5e,1667209451,100,0x4112d47ead6c69d867c6d8716a9d1da773e0f0417d5c7e4d95a846d7a0e54e5e,0x0124d0fa0dfb1430dfcff16ec6a96945e7a0bc10,recipient,121380.535651,-75.83062867930875,1979966191924781006702860177509668,0,1601.1927612508873,202535,3000000,14461560255
mypool,15867223,0xae52b64fa443ea46575ac0461b13cb0020fd145b782c29c70492f5686e592bde,1667209451,90,0xae52b64fa443ea46575ac0461b13cb0020fd145b782c29c70492f5686e592bde,0xe6c4e99725541992a34477849c93901a96bf7812,recipient,-298291.88417,186.2156636236819,1979610725188089056499138713774406,0,1601.767845897269,202531,343798,15277710076
mypool,15867224,0x4931897b5dd1f02ff22823774bb8ff04320d651a70a6eb029a17684a04b4748a,1667209463,2,0x4931897b5dd1f02ff22823774bb8ff04320d651a70a6eb029a17684a04b4748a,0x1c8f6a5f009e051cab9c3851ca2da2c936b2775a,recipient,-1026978.797048,640.0906714006119,1976963157530781149342505753650972,0,1606.0609237720253,202504,316306,10717238077
mypool,15867224,0xadd3cf4fbb5f374ead6935dd5f9ebccd25dea6e349e5f24b4eab9df9d9513810,1667209463,175,0xadd3cf4fbb5f374ead6935dd5f9ebccd25dea6e349e5f24b4eab9df9d9513810,0x0124d0fa0dfb1430dfcff16ec6a96945e7a0bc10,recipient,191183.150298,-119.1317470870726,1977521833864025426291998046758036,0,1605.153584629299,202510,3000000,13389107149
mypool,15867224,0xd1e029489040e0d79863fc0cc2d74ae870148e2a01098fc97c18a3d563c77787,1667209463,313,0xd1e029489040e0d79863fc0cc2d74ae870148e2a01098fc97c18a3d563c77787,0x8d0d1a5a9c210ca21f3793349487768c37dc892f,recipient,-16.0,0.009962909328499409,1977521787118920101398240545316271,0,1605.153660515264,202510,316807,12217238077
mypool,15867225,0x11dd2de24d786fd4af38a87ad4225abfb83e78d454decf567e14bec754066608,1667209475,2,0x11dd2de24d786fd4af38a87ad4225abfb83e78d454decf567e14bec754066608,0xd2c5b711e50c592a46f96c6e76e714178fd9ad89,recipient,-1035950.382698,644.0816965764767,1974499796529386694547825773953480,0,1610.0708262012733,202479,218286,6714518249053
mypool,15867225,0x264c4f92d3bd2ceca3d93d57f24263bab6d964b35dcc52bde09b471dcaca6a6a,1667209475,47,0x264c4f92d3bd2ceca3d93d57f24263bab6d964b35dcc52bde09b471dcaca6a6a,0x0124d0fa0dfb1430dfcff16ec6a96945e7a0bc10,recipient,7658.986774,-4.767397623071068,1976188954825834478129323432701066,0,1607.3195688751239,202497,3000000,25596932638
mypool,15867225,0x3684d17f2a41fdee75e0b7fd4126f0fa6a999c596b551f71d2aaad350036d25a,1667209475,144,0x3684d17f2a41fdee75e0b7fd4126f0fa6a999c596b551f71d2aaad350036d25a,0xed6a31f8ba489041b38b10ee1e468d059adf5b32,recipient,8031.764208,-5.0,1976300981778745322876288400005884,0,1607.1373516806161,202498,513015,19168271404
mypool,15867225,0x5159ae6a9b017db22761ec56461138aec36399c973fa754b568fb5d6ac097886,1667209475,38,0x5159ae6a9b017db22761ec56461138aec36399c973fa754b568fb5d6ac097886,0x0124d0fa0dfb1430dfcff16ec6a96945e7a0bc10,recipient,325212.745826,-202.33179036719037,1976166597622233212705367468333046,0,1607.3559376450155,202496,3000000,25596932638
mypool,15867225,0x670d6b349f6789a9eba2b92ea96798bd67c72b473fb2b01e51274059f07a39e5,1667209475,33,0x670d6b349f6789a9eba2b92ea96798bd67c72b473fb2b01e51274059f07a39e5,0xa6d95ae0604eeb17991fd61207df33a8dd694dc0,recipient,246277.718889,-153.0929626515184,1975217741791463672651373184951564,0,1608.9005930489373,202487,603712,25596932638
mypool,15867225,0x78ff1e976ded64a8724c9a12e067ea88cf67158041e4094633acb521b6089580,1667209475,367,0x78ff1e976ded64a8724c9a12e067ea88cf67158041e4094633acb521b6089580,0xd0e55d7556e7879d35ff58e668e2989bc2c0e4e0,recipient,20.0,-0.012450712798606033,1976301040167649087106460412225100,0,1607.1372567163519,202498,188822,13381813177
mypool,15867225,0xad7af870fb5b5c858b50ee811d81b3967c523f08e497c642b3ab5794de181ff7,1667209475,82,0xad7af870fb5b5c858b50ee811d81b3967c523f08e497c642b3ab5794de181ff7,0x0124d0fa0dfb1430dfcff16ec6a96945e7a0bc10,recipient,22210.717773,-13.826181258038092,1976277533762270809331728764384689,0,1607.1754884362203,202497,3000000,25596932638
mypool,15867225,0xb789f0bb85a3fd03da09edfa18e9c5e99b064f5d5f1175f5bbafd5f81f617d50,1667209475,391,0xb789f0bb85a3fd03da09edfa18e9c5e99b064f5d5f1175f5bbafd5f81f617d50,0x81b7d386cbaba1f12b2a232bcd75a83028c4a772,recipient,260.032001,-0.161879255659789,1976301799317139805650942551437361,0,1607.136022029225,202498,347815,13381813177
mypool,15867225,0xbfbdea2a9874c929b34706c21e205a1150b67fa307fc8a1e6e1405b2a7396319,1667209475,63,0xbfbdea2a9874c929b34706c21e205a1150b67fa307fc8a1e6e1405b2a7396319,0x0124d0fa0dfb1430dfcff16ec6a96945e7a0bc10,recipient,8132.380234,-5.062183250876915,1976212694457087191814764131376865,0,1607.2809526423746,202497,3000000,25596932638
mypool,15867226,0x29119b6ea13f5286663d9b495fa42ccd257ca5d3367c5fe2c73b49c001b825fe,1667209487,2,0x29119b6ea13f5286663d9b495fa42ccd257ca5d3367c5fe2c73b49c001b825fe,0x64bbde373e909501de1309231336761adeaa07d5,recipient,-633529.259359,393.63235785779295,1974454871322691580872698525655367,0,1610.1440956272938,202479,335188,12697302314
mypool,15867226,0x5ed1e79bb507e12c6bc0688201d02f6dd3a59f0ee35cfb52f803d174734446e9,1667209487,62,0x5ed1e79bb507e12c6bc0688201d02f6dd3a59f0ee35cfb52f803d174734446e9,0x5e3d1448a0365c3b1cd08908d410bfccca449c45,recipient,17280.023909,-10.73830092,1974568191098338529975974713044944,0,1609.9592897210637,202480,440000,12697302314
mypool,15867226,0xa994fe492fa29b5c32f75ce7e4e6e4ee8b9d817c1e02cb22a2fe6e0ee012eaa9,1667209487,41,0xa994fe492fa29b5c32f75ce7e4e6e4ee8b9d817c1e02cb22a2fe6e0ee012eaa9,0x8baa147f83d5f82793fbb64bf9e579a52f25223d,recipient,21597.322983,-13.42042381457512,1974517832726962441185555273807754,0,1610.0414120096968,202480,1200000,54605702255
mypool,15867226,0xb42a95da90697837f185b1347700785a7fa4549e61eb63fbcfad757af62adb38,1667209487,103,0xb42a95da90697837f185b1347700785a7fa4549e61eb63fbcfad757af62adb38,0x115d6885bfb84f0baf5c45a200a10d0a5f16ef03,recipient,5847.68641,-3.634306375432093,1974656629839996120006012137269576,0,1609.8150827909978,202481,266063,12697302314
mypool,15867226,0xfeae34767bd2e1e2f3a9780093528c52f004edc603282a72ad93e10fa3217748,1667209487,89,0xfeae34767bd2e1e2f3a9780093528c52f004edc603282a72ad93e10fa3217748,0x678111a6ca5749f1744b5e080a855cec8d631e20,recipient,24497.142283,-15.224163327904465,1974639586384843207742161172802662,0,1609.84287209469,202481,360882,45907340867
mypool,15867227,0x20a67d05736330904585284e3cc5e7796915ef57884e044d6086cdd85aa77efb,1667209499,2,0x20a67d05736330904585284e3cc5e7796915ef57884e044d6086cdd85aa77efb,0x431b5a84acc1297eda88259f300262f1bc3a74f3,recipient,487515.36781,-303.20903506790864,1976078559929894855483644526548171,0,1607.499161768384,202495,254098,13223251875
mypool,15867227,0xa58ab7f166343688c32270f63a70482478a15a743b514edbae914f7ddbdd89b6,1667209499,89,0xa58ab7f166343688c32270f63a70482478a15a743b514edbae914f7ddbdd89b6,0xed6a31f8ba489041b38b10ee1e468d059adf5b32,recipient,1381.755234,-0.86,1976082592988728471813308783875016,0,1607.4926001680728,202496,380559,18341358124
mypool,15867228,0xf883f11472e9588ae2542840ab3c16e28030bea0007ad9309412c507faff8967,1667209511,2,0xf883f11472e9588ae2542840ab3c16e28030bea0007ad9309412c507faff8967,0xe25a92c98356e7f18702d83107e83eb6ff9abde5,recipient,-542982.640935,337.3430462298681,1974499796529386694547825773953480,0,1610.0708262012733,202479,194501,1738358402263
mypool,15867229,0x4cced43d5a2558608037c0c4494b91a2287adca9d88dc34bdc36570f97f4e266,1667209523,218,0x4cced43d5a2558608037c0c4494b91a2287adca9d88dc34bdc36570f97f4e266,0x602e6020a20c583e08babafe5202b33f2df87fd1,recipient,-1000.0,0.6205520355184341,1974135536482003351888739634001940,0,1610.665049417011,202476,264831,15967464553
mypool,15867229,0x6a52ff55e5e13e630911b425e645c442f25ec46119758b5e3d8438eebe857e2c,1667209523,44,0x6a52ff55e5e13e630911b425e645c442f25ec46119758b5e3d8438eebe857e2c,0xb49ff5ea36262fb2264f1a484707c60fb18f81fe,recipient,69071.576233,-42.90094484456133,1974135105340127388922903335649666,0,1610.6657529405181,202476,800000,34601259928
mypool,15867229,0xbe9397dd7e9f791de5bcea344dc77131a3046a3f5a5980769ba8e85054e2d99f,1667209523,17,0xbe9397dd7e9f791de5bcea344dc77131a3046a3f5a5980769ba8e85054e2d99f,0xfc23b61db3a1dce083e82da5a2ccfd91a2211f7c,recipient,-194268.332441,120.56335401147554,1973933805174687428584501450215275,0,1610.9942784603738,202474,343014,14467464553
mypool,15867229,0xef46f480f44068793e90ef6b2a4c3eb5a0f722b7b495a7b52f1c595ed8377dc5,1667209523,82,0xef46f480f44068793e90ef6b2a4c3eb5a0f722b7b495a7b52f1c595ed8377dc5,0x61f88e66175fcecc64e0e5e8958c048cd65f8314,recipient,1147.421417,-0.7127471097695754,1974138449697964572035151837711498,0,1610.6602957365697,202476,661296,20467464553
mypool,15867230,0xa49079734899c0dca7adfe9d5614c018f6ad6e7e6d468d1dcc3b3a11a355833b,1667209535,30,0xa49079734899c0dca7adfe9d5614c018f6ad6e7e6d468d1dcc3b3a11a355833b,0x749199562b8468a05b8b57b8838c9058365e15a3,recipient,-1824.2,1.1320063053874807,1974130222215594892589014198950966,0,1610.6737210989413,202476,330986,16755915329
mypool,15867231,0x5908c8e1f6a9a0781e17fc233ca0f4608df4916f1a995a71bf670e6efd177689,1667209547,2,0x5908c8e1f6a9a0781e17fc233ca0f4608df4916f1a995a71bf670e6efd177689,0xf42508a3f1f3f097e7cfe5080feba1a8fd97d192,recipient,266269.716719,-165.46347660966063,1974906385452358752030135744068513,0,1609.4079395141648,202484,202242,222331730567
mypool,15867232,0x0ddbc597f9421b663eae3e79c4a15b17cdf2381494cc07f12bf3a4dd2682c4e0,1667209559,19,0x0ddbc597f9421b663eae3e79c4a15b17cdf2381494cc07f12bf3a4dd2682c4e0,0x027d24217f18822e6ce11821524c212f507d0787,recipient,200141.193901,-124.45601111279845,1975490034772143779779931273326726,0,1608.457095852784,202490,982249,89702064405
mypool,15867232,0xe6922519e16ad568c55332b15cbaadd1324da3bb2495273f72db984f88ed76e1,1667209559,304,0xe6922519e16ad568c55332b15cbaadd1324da3bb2495273f72db984f88ed76e1,0xfeab511c6a091b6bc5edfd80f1dd679be153375c,recipient,4000.0,-2.488114012310549,1975501703039814004928729619420959,0,1608.4380952591875,202490,188877,16227799062
mypool,15867233,0x9b3718ff45f4da26764aea946767aded9c6a55a10b107b18af70fcf07cb47014,1667209571,55,0x9b3718ff45f4da26764aea946767aded9c6a55a10b107b18af70fcf07cb47014,0x10763988715993eaf59905029ce3414ada0b5200,recipient,3536.322445,-2.199717835962352,1975512018843825390230859557104836,0,1608.421297296254,202490,232208,24091118109
mypool,15867234,0x20d12d511351b23e21ac74118bf6f2add92c3f28a19bdaee43b393eddd9737f6,1667209583,69,0x20d12d511351b23e21ac74118bf6f2add92c3f28a19bdaee43b393eddd9737f6,0x1fd34033240c95aabf73e186a94b9576c6dab81b,recipient,1975.175955,-1.228639414929459,1975517780675273890758310650826659,0,1608.4119150077327,202490,842270,20963067586
mypool,15867234,0xc321f8c99056bf2a6961e9c40e97cd95da00890629e0d487b96d6593e1e0b8ba,1667209583,112,0xc321f8c99056bf2a6961e9c40e97cd95da00890629e0d487b96d6593e1e0b8ba,0x6c16726d35a83fccf4026802ad236b80b630240e,recipient,11917.072842,-7.413053872804007,1975552544957141083717450088047972,0,1608.3553082691903,202490,174552,18117948735
mypool,15867234,0xcd2ced48f172f5999d6b2fdbd494495db3cfb5b12e9362564f28fe1a83440837,1667209583,255,0xcd2ced48f172f5999d6b2fdbd494495db3cfb5b12e9362564f28fe1a83440837,0x1ebe3a542a2806a855195d9fb295cb3c165f737b,recipient,-7004.28278,4.352723963218025,1975534722023045513398389915480157,0,1608.3843290093982,202490,312255,17617948735
mypool,15867234,0xdf8858f240aec5b56445980a7bc22c2bcf7a05ae481b60ff155d43a99a805954,1667209583,119,0xdf8858f240aec5b56445980a7bc22c2bcf7a05ae481b60ff155d43a99a805954,0x5f0df4ae784db40b2d5460aa4415a662527e43cf,recipient,891.194274,-0.5543807782152079,1975555144783065232484280330120052,0,1608.35107508837,202490,366679,18386249973
mypool,15867235,0x18431b0b4683c9cbc41429038153d174cad28682b6a5a77544fb985900643117,1667209595,248,0x18431b0b4683c9cbc41429038153d174cad28682b6a5a77544fb985900643117,0x97a5370695c5a64004359f43889f398fb4d07fb1,recipient,-14992.620172,9.31712215670674,1975538532623670552336513221909176,0,1608.3781242158016,202490,315360,17638820404
mypool,15867235,0x6eecacddbbf632b13970ab9c594804ed0e28b830fdf6b353f5b2300106be7ada,1667209595,84,0x6eecacddbbf632b13970ab9c594804ed0e28b830fdf6b353f5b2300106be7ada,0x05429d641a61eb2c6093905784d2e8c9b5a193c8,recipient,2430.410333,-1.5119112845235736,1975582248088167903970474267144677,0,1608.3069449784518,202490,260636,17297791594
mypool,15867235,0x9cce6cb1e40bf244fa129d81b94d8a4fe6ace9d85da35f028d862d3f07157ba3,1667209595,78,0x9cce6cb1e40bf244fa129d81b94d8a4fe6ace9d85da35f028d862d3f07157ba3,0xc89a66d97b4fae45761eb507b472d4cdc50627a6,recipient,573.439024,-0.3567237490179202,1975575157824026401632790936977084,0,1608.3184893041418,202490,236944,16919695424
mypool,15867235,0xca2a5bcefd9bb39cf3626a1cd6282ff55a231123cd06d570bb32ec996140f2be,1667209595,13,0xca2a5bcefd9bb39cf3626a1cd6282ff55a231123cd06d570bb32ec996140f2be,0xda869be4adea17ad39e1dfece1bc92c02491504f,recipient,12525.505438,-7.791671982654125,1975571261873648169305156152686751,0,1608.3248327201713,202490,1071338,16418821963
mypool,15867235,0xcb056e7ab08ddb1b165f7f7999e368113cd95f8f08929525ad4499783d9824cb,1667209595,71,0xcb056e7ab08ddb1b165f7f7999e368113cd95f8f08929525ad4499783d9824cb,0xb6cf207d9e3028e9e11a3da224952f8bc99196b1,recipient,762.027543,-0.4740395657526426,1975573484931157637147187178673694,0,1608.3212131164335,202490,165711,16148820404
mypool,15867236,0xa9eb68b0a7daa4991c5b4494f2c8ea59932a0d5635f205f3b0aa81e91c397206,1667209607,13,0xa9eb68b0a7daa4991c5b4494f2c8ea59932a0d5635f205f3b0aa81e91c397206,0x431b5a84acc1297eda88259f300262f1bc3a74f3,recipient,-478030.903603,296.9287299922551,1974390830214285618378292675340732,0,1610.248550209759,202478,343998,16032735769
mypool,15867236,0xcae9c85221fcf6861b9c1d602001fe8fd408d8e969ca3160417f978f69f0f953,1667209607,66,0xcae9c85221fcf6861b9c1d602001fe8fd408d8e969ca3160417f978f69f0f953,0x65fb9db5fc926eb22ac5ae86e74242e0df44718c,recipient,921.354103,-0.572470703125,1974397644592220098704769722102546,0,1610.23743510001,202478,306238,16983068769
mypool,15867236,0xd2b500797758cb45892fa742c3d4ac4d19f4023fb74241244fdd52580ed129e8,1667209607,4,0xd2b500797758cb45892fa742c3d4ac4d19f4023fb74241244fdd52580ed129e8,0xbef6a8b5bd205b21554b341a7bc1f18c799135ea,recipient,84156.967439,-52.3568,1975784065245461114486473207967540,0,1607.9783996034487,202493,415896,17282735769
mypool,15867236,0xe2a536e85d39edf7759a2bfc9673f0d4015b4910fae64f8e54f5f134e2d200ed,1667209607,35,0xe2a536e85d39edf7759a2bfc9673f0d4015b4910fae64f8e54f5f134e2d200ed,0x05429d641a61eb2c6093905784d2e8c9b5a193c8,recipient,1415.992714,-0.8798045658902675,1974394958440489265624697571424936,0,1610.2418165384831,202478,439172,17597583748
mypool,15867238,0x0094ac3aa82f0c2a2cc8d27d20213768d367b9f1e73293fb754c24a31f800bb5,1667209631,24,0x0094ac3aa82f0c2a2cc8d27d20213768d367b9f1e73293fb754c24a31f800bb5,0x1c8f6a5f009e051cab9c3851ca2da2c936b2775a,recipient,-647159.661621,401.3189844806728,1972513589887751740524148879382260,0,1613.3149543548193,202459,387354,61211593731
mypool,15867238,0xbc67234f8ee4458e17a1d41a3e4732b9295bc74ecc4e5afda1eb9c8598c3d932,1667209631,578,0xbc67234f8ee4458e17a1d41a3e4732b9295bc74ecc4e5afda1eb9c8598c3d932,0xf83360cc372cc13908feac8912d2549820ffb662,recipient,-54021.84178,33.48254860103448,1972856260903251048276584156280628,0,1612.7545605006583,202463,477014,15277033060
mypool,15867238,0xd33c58b1c673449af1c9329e553dce078e42ff34eb7021efcd2e7f69b4eb7836,1667209631,29,0xd33c58b1c673449af1c9329e553dce078e42ff34eb7021efcd2e7f69b4eb7836,0x678111a6ca5749f1744b5e080a855cec8d631e20,recipient,14556.569273,-9.027477324898554,1972555966475634411314292275339355,0,1613.2456371341746,202460,372302,55089099666
mypool,15867238,0xe605948bd9844849a5628db556d5421f1c25cdbb0d511ad6caa745ca1bccf246,1667209631,42,0xe605948bd9844849a5628db556d5421f1c25cdbb0d511ad6caa745ca1bccf246,0x0124d0fa0dfb1430dfcff16ec6a96945e7a0bc10,recipient,96760.037366,-60.017061613244586,1972837585699747324105942968774952,0,1612.7850938424704,202463,3000000,71171154439
mypool,15867238,0xf596b6c7c2675fc33aa8958cc72ba95381c3fdc5c70d57cf45022b7d459f2208,1667209631,97,0xf596b6c7c2675fc33aa8958cc72ba95381c3fdc5c70d57cf45022b7d459f2208,0xe9cc1f3e4ecc220d212e331686c10737f444669f,recipient,60410.367097,-37.479249700041784,1973013450311195256644552927451324,0,1612.4975953633623,202464,800000,21127913336
mypool,15867240,0x01acc3e70082ce2f27ab55f3f5352c0c50ffd0ee83c48ecac01b637c1e2a0e2e,1667209655,51,0x01acc3e70082ce2f27ab55f3f5352c0c50ffd0ee83c48ecac01b637c1e2a0e2e,0xba4ff5f9d6508000b7fd0035bd616aaec070384f,recipient,-226342.36963,140.27566043370257,1972531430084036072603333053631358,0,1613.2857718283872,202460,341292,129477356432
mypool,15867240,0x81d7d3b18eb8e2a2e300081d3ebbebc19cc4e4468501979597f566edb9567b3f,1667209655,20,0x81d7d3b18eb8e2a2e300081d3ebbebc19cc4e4468501979597f566edb9567b3f,0xffff14106945bcb267b34711c416aa3085b8865f,recipient,403493.035067,-250.2495396849735,1973189977564256119804403860297162,0,1612.2090909197768,202466,4836000,15633777128
mypool,15867240,0xeb74f159753090b85a7b4c0579cd1e1161e225e4a44dbdb315399ece01efe327,1667209655,8,0xeb74f159753090b85a7b4c0579cd1e1161e225e4a44dbdb315399ece01efe327,0x5b929c504e88ef422aa4aea93791c5c17c9f15fc,recipient,-289015.553541,179.04020849682604,1972015056045646815823188429447536,0,1614.1307633056642,202454,203300,494206956071
mypool,15867241,0x007df7a508d4ed14f8b11ae4daa658e0ea50b1dba79d6f9648a8ff4b80a86a8e,1667209667,466,0x007df7a508d4ed14f8b11ae4daa658e0ea50b1dba79d6f9648a8ff4b80a86a8e,0x5b59724cb352a34883ebce1089d459f7335ae298,recipient,3168.791604,-1.9628105058864111,1971352765369586279427280503009243,0,1615.21550404463,202448,311914,16314593606
mypool,15867241,0x17af0e322d7b22131640d17d4cbf6d356a3d81fccb05585f7d7b6af44ade24f5,1667209667,2,0x17af0e322d7b22131640d17d4cbf6d356a3d81fccb05585f7d7b6af44ade24f5,0x64bbde373e909501de1309231336761adeaa07d5,recipient,-420393.576434,260.2903623633054,1971307849292915321094948979014389,0,1615.2891099707253,202447,362574,16223434606
mypool,15867241,0x76dbe162e48eccb3f2136a1270a659e4f409e0cee1af56497b5b9bd1cdb8561a,1667209667,61,0x76dbe162e48eccb3f2136a1270a659e4f409e0cee1af56497b5b9bd1cdb8561a,0xfc0e8d802c64ee8e39fefa0e7bf19ca81d2019e9,recipient,2159.266879,-1.3374565379788166,1971325558237271349394942189141230,0,1615.260088953507,202447,314964,29447452287
mypool,15867241,0xa623d8c20cb9263cd771de2d96f5a21e7f877375ac938a84e662349fe11f7b4d,1667209667,47,0xa623d8c20cb9263cd771de2d96f5a21e7f877375ac938a84e662349fe11f7b4d,0x80e92642e1160ab71a111bcad5fb63c33cf0df9d,recipient,3925.630658,-2.431525844795824,1971319274062657554361725707544238,0,1615.2703872271136,202447,231671,33905456773
mypool,15867241,0xbfd40a5733fd6dccd5faf524c35632c2f5fac9d2c19288abb1c2c4c6097b6253,1667209667,434,0xbfd40a5733fd6dccd5faf524c35632c2f5fac9d2c19288abb1c2c4c6097b6253,0xda4ec8e233251cf193191b89f91c152a1b1690ed,recipient,3767.671787,-2.3337445181033405,1971343542906199602307628211587381,0,1615.230616885561,202448,600000,16223434606
